4538 6420
918 375 1203 434 Paonueomtns.
1829 377 1892 433 XLI

338 551 504 616 Laterouli
526 552 560 617 hi
584 551 648 616 duo
671 551 864 616 Liberianus
889 557 923 616 ot
944 551 1049 617 Index
1072 573 1136 618 non
1159 554 1262 618 solum
1287 574 1330 618 ex
1353 552 1470 618 eadem
1492 551 1600 617 radice
1625 558 1809 636 creverunt,
1833 553 1892 618 sed

234 656 333 720 etiam
366 657 492 721 numeri
522 657 679 721 mensium
709 655 915 742 dierumque,
943 678 1024 742 quos
1055 657 1088 722 in
1120 663 1212 742 parte
1244 658 1349 743 prima
1382 678 1402 720 ι
1436 656 1576 741 catalogi
1611 662 1697 722 statu
1730 659 1891 745 primitivo

234 759 353 823 afuisse
376 780 441 824 non
463 760 717 846 ambigitur‚‚ita
747 763 795 842 (ut
826 761 959 846 egregio
991 761 1137 826 acumine
1171 761 1339 847 perspexit
1368 759 1622 846 Lightiootius¹)
1647 767 1680 826 et
1709 762 1894 849 conspirant

235 870 269 927 et
292 862 458 943 differunt,
487 869 523 927 ut
553 883 686 928 necesse
716 863 757 928 sit
785 869 841 928 aut
870 884 912 928 ex
934 863 1109 930 Liberiano
1138 865 1171 928 in
1194 863 1339 929 Indicam
1370 884 1427 928 eos
1459 865 1631 930 translatos
1660 886 1732 930 esse
1764 870 1821 929 aut
1850 885 1893 928 ex

234 965 346 1031 Indice
373 967 406 1031 in
428 966 647 1032 Liberianum.
693 966 732 1031 Id
755 973 791 1031 ut
817 968 1040 1054 intellegatur,
1073 968 1197 1033 subieci
1221 968 1290 1033 eius
1313 968 1413 1053 partis
1441 987 1593 1032 numeros
1615 975 1784 1054 utrosque,
1813 988 1893 1055 quos

236 1071 435 1156 comparanti
456 1070 632 1135 tenendum
656 1076 706 1135 est
729 1077 763 1136 et
777 1071 988 1136 Libonianum
1010 1072 1151 1137 indicem
1166 1073 1260 1136 unico
1277 1071 1456 1156 exemplari
1478 1078 1640 1137 servatum
1664 1071 1790 1139 duobus
1813 1073 1893 1136 locis

722 1401 845 1468 Index:

721 1525 754 1558 ιιι.
945 1510 968 1560 d.

443 1588 559 1654 Petrus
685 1591 720 1657 II
884 1592 937 1658 III

442 1694 542 1760 Linus
685 1695 737 1761 III
888 1698 954 1764 XII

443 1798 555 1864 om
686 1801 701 1864 1
887 1802 1041 1888 affl

445 1900 597 1968 Clemens
689 1904 722 1969 II
746 1905 792 1991 (Ι)
889 1905 922 1970 X

444 2109 612 2176 Iluaristns
688 2111 722 2177 X
889 2113 924 2178 II

444 2213 634 2281 Alexander
688 2215 754 2282 VII
888 2218 924 2283 Π

444 2319 568 2405 Xystus
689 2321 724 2385 II
892 2322 907 2386 I

445 2422 664 2511 Telesphorus
690 2425 742 2489 III
765 2425 810 2512 (1)
841 2454 846 2461 ·
891 2426 974 2490 XXI

444 2525 742 2613 umam
889 2530 1024 2614 mm

446 2629 523 2696 rm
689 2633 1044 2721 mfflmw

445 2733 601 2801 Anicetus
689 2737 762 2802 IIII
889 2738 942 2804 HI

447 2838 544 2905 Soter
687 2841 722 2907 II
745 2842 824 2930 (VI)
890 2841 973 2908 XXI

444 2941 602 3010 Eleuther
688 2947 741 3013 III
890 2948 924 3013 Π

446 3046 560 3112 Victor
689 3051 740 3116 III
890 3051 923 3117 Χ

235 1174 320 1238 male
344 1174 433 1238 hiare
457 1181 490 1238 et
513 1175 545 1238 in
567 1174 686 1239 Indicis
709 1177 950 1262 exemplaribus
974 1176 1071 1240 bodie
1094 1177 1180 1242 notis
1205 1174 1398 1264 quibusdam
1421 1175 1500 1239 locis
1516 1195 1667 1242 numeros
1683 1177 1728 1241 ita
1751 1175 1893 1258 differre,

236 1283 271 1340 ut
293 1277 459 1364 archetypi
483 1280 661 1344 communis
684 1281 781 1344 lectio
806 1280 903 1345 dubia
927 1283 977 1347 sit.

1302 1399 1374 1465 Oat.
1390 1398 1598 1465 Liberianus:

1271 1523 1305 1558 m.
1404 1506 1428 1556 d

1247 1590 1265 1655 I
1353 1589 1454 1656 VIIII
1476 1588 1592 1654 Patrne

1249 1695 1320 1761 IIII
1355 1694 1423 1758 XII
1478 1693 1578 1758 Linus

1251 1800 1285 1865 II
1355 1800 1388 1865 X
1479 1798 1591 1864 Olebrs

1249 1905 1300 1970 XI
1354 1903 1423 1969 XII
1478 1902 1630 1968 Clemens

1251 2008 1285 2073 X
1354 2008 1408 2073 ΠΙ
1478 2006 1657 2071 Anacletus

1255 2112 1321 2177 VH
1356 2110 1391 2175 Π
1478 2110 1647 2175 Eluaristus

1252 2216 1288 2282 II
1353 2215 1370 2280 I
1479 2212 1670 2280 Alexander

1253 2320 1306 2386 111
1357 2320 1440 2385 XXI
1480 2319 1603 2405 Xystus

1254 2424 1307 2490 III
1356 2423 1408 2488 III
1480 2421 1701 2506 Telesphorus

1254 2527 1305 2592 ΙΠ
1356 2526 1405 2590 VI
1479 2525 1630 2612 Hyginus

1182 2669 1185 2674 -
1251 2630 1319 2696 IIII
1353 2630 1437 2695 XXI
1478 2631 1556 2696 Pius

1255 2783 1430 2803 ......
1480 2734 1636 2799 Anicetus

1253 2889 1427 2906 ......
1479 2838 1574 2904 Soter

1256 2943 1308 3009 ΙΠ
1359 2942 1393 3008 ΙΙ
1481 2943 1640 3008 Ειιιιιιιιι

1253 3047 1287 3112 II
1356 3047 1390 3113 X
1481 3047 1594 3114 Victor

343 3151 473 3216 Menses
502 3152 636 3239 diesque
664 3176 737 3220 cum
765 3163 830 3221 tam
864 3177 922 3242 per
949 3161 1102 3243 quattuor
1134 3153 1256 3240 primos
1285 3153 1454 3240 episcopos
1486 3174 1582 3240 quam
1612 3151 1748 3216 fortasse
1777 3149 1852 3215 inde
1881 3171 1900 3212 a

242 3254 372 3336 Sotere,
403 3262 491 3321 certo
515 3256 557 3321 ab
580 3256 759 3324 Eleuthero
787 3261 834 3324 ita
863 3259 1077 3341 concordent,
1107 3263 1145 3322 ut
1176 3256 1337 3321 contraria
1366 3255 1407 3320 ad
1435 3255 1639 3321 librariorum
1663 3275 1789 3321 errores
1811 3258 1900 3319 recte

240 3357 431 3441 referantur,
454 3380 514 3445 per
529 3360 736 3448 episcopatus
752 3363 961 3448 interpositos
984 3363 1030 3426 ita
1055 3360 1217 3441 differunt,
1240 3366 1278 3424 ut
1299 3380 1451 3425 numeros
1474 3361 1508 3424 in
1522 3358 1634 3424 Indice
1657 3358 1700 3424 ιιι
1715 3359 1900 3423 Ειιιιιιιιιιιι

241 3460 420 3548 adscriptos
443 3463 635 3530 Liberianus
657 3467 781 3532 referat
802 3466 844 3532 ad
864 3467 1059 3533 Anacletum
1082 3472 1116 3531 et
1138 3464 1184 3530 sic
1207 3464 1362 3551 deinceps
1385 3469 1473 3530 certe
1496 3463 1538 3529 ad
1561 3463 1738 3550 Hyginum,
1762 3464 1899 3528 fortasse

241 3564 283 3629 ad
312 3564 470 3632 Soterem.
524 3567 603 3634 Ilius
637 3571 753 3636 erroris
785 3572 876 3657 origo
908 3571 1036 3636 omnino
1064 3569 1139 3636 iude
1167 3568 1347 3656 repetenda
1378 3567 1474 3652 est²)‚
1503 3567 1589 3655 quod
1619 3567 1796 3632 Anacletus
1816 3565 1901 3632 Cleti

241 3671 400 3755 gemellus
424 3677 457 3735 et
480 3673 652 3759 antiquiori
668 3673 770 3739 ordini
793 3676 827 3739 in
843 3677 992 3761 catalogo
1006 3675 1183 3741 Liberiano
1199 3674 1286 3738 male
1308 3674 1448 3739 insertus
1467 3672 1513 3737 ibi
1529 3672 1571 3737 ad
1588 3693 1622 3736 se
1645 3672 1744 3735 traxit
1759 3671 1901 3735 Enaristi

242 3794 370 3839 menses
393 3773 526 3861 diesque
550 3779 651 3842 etsie
675 3777 836 3864 deinceps.
878 3778 949 3852 Quo
980 3778 1077 3844 modo
1101 3778 1294 3843 Liber-ianus
1319 3797 1462 3842 errorem
1491 3781 1626 3842 eatenus
1655 3775 1832 3857 sanaverit,
1865 3781 1901 3839 ut

154 3960 156 3962 Ι
242 3877 379 3942 fortasse
407 3899 427 3941 ι
457 3878 588 3963 Sotere,
623 3888 711 3947 certo
740 3882 912 3946 aVictore
943 3883 1068 3948 numeri
1097 3902 1205 3946 rursus
1235 3882 1444 3961 conveniant,
1473 3878 1598 3946 definiri
1624 3879 1737 3964 nequit
1766 3885 1901 3964 propter

242 3985 361 4044 statum
383 4003 447 4067 quo
472 4003 546 4048 eum
574 3987 758 4071 accepimus
783 4007 933 4050 mancum
957 3991 990 4051 et
1013 3990 1207 4072 corruptum.
1253 3983 1327 4049 Hoc
1351 3989 1488 4071 apparet
1510 3982 1655 4048 Indicam
1675 3982 1740 4047 hoc
1761 3983 1833 4046 loco
1857 3980 1900 4046 ad

243 4084 379 4149 formam
407 4088 601 4172 primitivam
624 4091 755 4176 propius
778 4088 935 4154 accedere
960 4110 1057 4176 quam
1079 4088 1304 4170 liberianum,
1332 4088 1366 4153 id
1394 4088 1482 4175 quod
1504 4087 1575 4152 aliis
1597 4087 1795 4172 argumentis
1817 4086 1901 4150 infra

243 4189 491 4257 confirmabitur.
534 4193 673 4259 Omnino
696 4216 716 4258 a
739 4195 900 4260 communi
924 4194 1100 4280 archetypo
1124 4199 1272 4280 tempore
1295 4193 1494 4280 procedente
1518 4191 1581 4256 duo
1605 4191 1752 4256 laterculi
1773 4191 1796 4254 ii
1819 4211 1901 4275 quos

243 4291 401 4358 babemus
423 4296 469 4359 ita
485 4297 644 4380 abierunt,
666 4305 703 4363 ut
724 4298 757 4363 in
773 4297 953 4364 Pontificali
977 4297 1182 4385 compilando
1207 4319 1266 4385 pro
1290 4297 1424 4362 diversis
1447 4297 1688 4364 adhiberentur.
1728 4293 1899 4368 Quomodo

243 4402 353 4462 antem
375 4397 513 4464 adhibiti
538 4401 610 4482 sint,
635 4402 700 4466 iam
722 4400 900 4467 videamus.
1399 4479 1400 4482 Ἴ

348 4499 496 4588 Catalogi
518 4502 683 4569 Liberiani
712 4507 881 4593 exemplar
907 4506 1055 4593 scriptori
1077 4505 1151 4571 libri
1174 4504 1374 4570 Pontificalis
1400 4509 1531 4591 praesto
1563 4503 1662 4567 fuisse
1690 4507 1799 4566 nostro
1822 4522 1900 4567 vere

244 4603 337 4668 unico
361 4605 487 4690 plenius
510 4613 544 4672 ιι
565 4608 767 4675 emendatius
782 4609 858 4675 inde
875 4611 1046 4696 colligitur,
1071 4607 1157 4695 quod
1179 4609 1242 4674 hoo
1257 4609 1314 4674 ubi
1335 4608 1415 4691 hiat,
1439 4608 1561 4673 scilicet
1581 4607 1615 4670 in
1631 4603 1769 4670 Aniceto
1785 4603 1899 4669 Sotere

243 4705 421 4773 Eleuthero
452 4710 652 4798 Zephyrino‚
685 4734 768 4800 quae
804 4714 971 4798 deficiunt,
1006 4715 1189 4780 consulatus
1223 4713 1415 4800 praesertim
1451 4733 1494 4776 ex
1520 4711 1603 4777 libro
1631 4709 1812 4775 Pontificali
1841 4709 1899 4774 ali-

245 4818 403 4898 quatenus
426 4815 535 4879 sarciri
557 4823 741 4902 potuerunt.

346 4914 465 4980 Indicis
489 4921 689 5005 exemplaria
712 4942 784 4987 cum
807 4945 904 5008 supra
919 4923 1093 4988 viderimus
1116 4920 1285 4988 discedere
1308 4921 1341 4986 in
1357 4920 1495 4984 familias
1518 4918 1598 4984 duas
1613 4919 1692 4983 locis
1707 4938 1772 4982 non
1790 4918 1901 5003 paucis

246 5018 448 5102 differentes,
476 5023 640 5108 utriusque
665 5025 807 5091 familiae
830 5029 955 5093 numeri
978 5025 1187 5114 comparandi
1209 5031 1284 5090 sunt
1306 5045 1379 5090 cum
1402 5023 1543 5090 numeris
1566 5043 1653 5118 quos
1669 5021 1801 5087 tradunt
1822 5020 1901 5087 item

246 5123 372 5189 diverse
396 5125 524 5191 codices
546 5127 620 5192 libri
641 5130 843 5214 pontificalis.

352 5306 373 5373 ¹)
399 5309 429 5359 L.
445 5325 468 5361 o.
491 5327 516 5376 p.
534 5306 593 5361 267.
699 5305 722 5372 ¹)
749 5307 925 5374 Lighttootius
944 5322 1052 5358 causam
1075 5305 1168 5357 erroris
1190 5304 1249 5356 inda
1270 5304 1374 5371 repetit,
1396 5303 1466 5370 quod
1489 5302 1600 5364 histum,
1623 5319 1675 5368 quo
1698 5309 1757 5352 ante
1773 5301 1902 5352 Victorem

245 5395 376 5446 Liberiani
396 5394 528 5462 exemplar
549 5397 618 5462 qnod
640 5397 766 5449 habemus
789 5395 901 5456 laborat,
925 5395 1040 5446 adfuisse
1062 5399 1150 5445 censet
1171 5392 1223 5443 iam
1247 5391 1274 5442 in
1299 5407 1329 5442 ιο
1351 5391 1420 5457 qnod
1443 5389 1564 5442 adhibuit
1585 5389 1630 5453 qui
1648 5388 1760 5439 Indicam
1778 5387 1900 5451 confecit;

246 5498 346 5533 menses
364 5482 444 5549 igitur
462 5483 567 5550 diesque
584 5501 637 5534 non
654 5500 687 5535 ex
698 5483 786 5534 Indice
804 5483 831 5532 in
844 5481 1011 5533 Liberianum
1029 5479 1170 5532 uanslatos
1187 5493 1251 5541 esso,
1269 5494 1335 5544 quae
1352 5483 1442 5528 nostra
1459 5477 1544 5543 opinio
1562 5482 1608 5540 est,
1627 5476 1670 5526 sed
1690 5491 1704 5525 ι
1722 5475 1850 5526 contrario
1869 5491 1901 5526 ex

246 5569 382 5620 Liberiano
405 5570 432 5620 in
456 5571 578 5622 Indicam.
618 5571 654 5622 At
677 5569 789 5622 Indicam
813 5569 858 5634 qui
881 5567 1033 5634 conscripsit
1054 5583 1106 5617 non
1129 5571 1187 5631 post
1209 5563 1342 5616 sacculum
1365 5563 1497 5629 quintum,
1521 5579 1579 5614 sum
1603 5577 1695 5630 parum
1720 5561 1842 5612 credibile
1864 5567 1905 5612 est

245 5655 395 5708 adhibuisse
412 5657 544 5709 Liberiani
561 5657 672 5724 catalogi
690 5655 820 5723 exemplar
836 5653 965 5706 mutilum.

350 5773 425 5812 ιιιιιι
442 5773 618 5814 ιοιιιιιιιιιιι
636 5775 653 5812 ι.
1686 5752 1699 5802 f
