4544 6428
400 390 463 452 260
1118 372 1338 432 ΕΡΙΤΟΜΔΕ

691 551 916 608 narremus
1041 522 1047 532 ’
1543 539 1777 598 concursus

402 669 452 729 est
497 663 670 748 episcopus
713 661 851 726 civitatis
888 665 1019 723 nostrae
1056 657 1202 738 Acutius,

401 770 584 834 nullatenus
613 767 768 831 sentimus
798 764 877 830 sede
905 762 1113 850 apostolicae.
1160 762 1203 828 ut

401 872 487 938 facto
518 871 651 936 concilio
679 869 774 934 simul
803 890 875 934 cum
903 868 1025 932 Iustino
1056 867 1141 953 Aug.
1169 869 1203 932 in

403 982 578 1062 conspectu
606 975 747 1040 omnium
776 973 971 1052 inlustrium,
1004 977 1080 1036 tunc
1101 973 1202 1056 legati

402 1079 489 1144 sedis
524 1080 724 1165 apostolicae
756 1078 925 1163 elegemnt
948 1097 991 1141 ex
1013 1077 1078 1140 suis
1106 1073 1201 1139 Dios·

402 1204 514 1247 corum
543 1182 714 1248 diaconum
744 1181 787 1246 ad
809 1180 1009 1246 reddendam
1032 1180 1201 1245 rationem.

402 1286 466 1361 Qui
486 1289 532 1352 ita
549 1287 700 1373 exposuit
716 1287 762 1350 eis
779 1286 890 1372 culpas
905 1285 1022 1366 Acatii,
1046 1291 1081 1348 ut
1105 1285 1202 1348 etiam

405 1413 516 1456 omnes
546 1391 640 1455 simul
673 1411 745 1455 cum
773 1389 897 1454 Iustino
929 1386 1014 1472 Aug.
1038 1387 1201 1452 adclama-

403 1503 475 1561 rent
491 1494 651 1560 dicentes:
675 1494 719 1558 Mt
740 1494 792 1559 hic
816 1500 849 1558 ct
871 1493 904 1556 in
928 1499 1093 1556 aeternum
1111 1491 1202 1556 dam-

403 1607 497 1664 netur
538 1600 685 1664 Aoatius.
755 1596 881 1662 Eodem
919 1602 1066 1682 tempore
1111 1595 1203 1660 iussit

401 1703 542 1768 Iustinus
558 1703 644 1788 Aug.
662 1707 798 1786 accepta
821 1701 968 1782 veritate,
992 1705 1029 1764 ut
1051 1701 1119 1764 sine
1143 1701 1200 1765 ali-

403 1829 466 1894 que
495 1807 648 1872 dilatione
677 1807 823 1870 iacerent
851 1802 963 1868 libello
994 1823 1106 1868 omnes
1133 1803 1201 1889 epi-

403 1911 492 1994 scopi
516 1910 570 1994 qui
593 1910 625 1972 in
647 1929 749 1994 regno
764 1906 880 1972 Iustini
902 1913 996 1972 erant
1019 1913 1053 1972 et
1067 1905 1204 1972 redeant

302 2095 304 2100 ι
402 2012 444 2077 ed
470 2013 727 2078 communionem
759 2010 846 2075 sedis
872 2012 1086 2098 apostolicae,
1118 2009 1203 2096 quod

403 2118 500 2182 etiam
523 2116 645 2182 tactum
669 2121 727 2180 est.
785 2114 828 2179 Et
858 2114 1136 2180 concordaverunt
1161 2114 1202 2180 ab

404 2219 536 2285 Oriente
569 2241 671 2306 usque
706 2217 748 2282 ad
784 2217 962 2282 Occidente
997 2224 1030 2282 et
1046 2235 1047 2238 ’
1065 2219 1204 2283 cucurrit

402 2345 468 2410 pax
503 2325 670 2388 ecciesiae.
732 2321 796 2396 Qui
830 2327 939 2386 textus
969 2322 1071 2386 libelli
1105 2322 1202 2388 hodie

403 2428 509 2492 arcivo
546 2427 702 2493 ecclesiae
732 2424 916 2490 reconditus
948 2431 1087 2491 tenetur.
1139 2424 1203 2490 Hic

401 2531 524 2595 invenit
556 2530 762 2612 Manicheos,
801 2550 882 2616 quos
918 2529 1017 2593 etiam
1055 2528 1204 2594 discussit

403 2634 461 2699 sub
497 2636 648 2700 examina
681 2635 867 2721 plagarum;
902 2654 1037 2719 quorum
1074 2631 1202 2698 codices

400 2737 549 2802 incendio
588 2740 785 2825 consumpsit
821 2744 896 2802 ante
935 2739 1012 2803 foris
1047 2737 1202 2803 basilicae

403 2839 667 2908 Constantiniani.
703 2842 807 2906 Huius
820 2843 1020 2929 temporibus
1034 2843 1201 2928 episcopa-

403 2951 454 3010 tus
468 2946 597 3010 Africae
610 2944 813 3011 reordinatur
828 2950 903 3031 post
917 2966 1017 3010 annos
1028 2943 1203 3024 LXXIIII,

404 3049 491 3135 quod
522 3051 563 3116 ab
598 3051 750 3116 hereticis
781 3050 910 3114 fueraut
944 3049 1151 3115 exterminati
1185 3069 1205 3112 a

405 3161 551 3240 tempore
580 3154 848 3240 persequutionis.
901 3152 1028 3218 Eodem
1058 3160 1204 3240 tempore

404 3258 493 3322 venit
528 3278 646 3323 corona
680 3278 780 3322 aurea
813 3278 886 3322 cum
913 3258 1051 3343 gemmis
1079 3257 1202 3343 precio-

404 3362 537 3425 sissimis
560 3360 679 3426 donum
701 3382 722 3425 a
744 3381 823 3446 rege
846 3361 1053 3426 Francorum.

407 3481 470 3546 Hic
494 3482 572 3546 iecit
587 3481 805 3547 ordinationes
821 3482 1018 3569 presbiteros
1035 3483 1206 3569 episcopos
1258 3481 1352 3547 Fecit
1389 3482 1608 3547 ordinationes
1649 3482 1846 3568 presbiteros
1889 3485 2066 3571 episcopos

404 3586 556 3670 perloaa.
595 3585 747 3671 Sepultus
763 3593 814 3650 est
825 3585 912 3671 apud
925 3585 1057 3651 beatum
1075 3587 1205 3650 Petrum
1258 3607 1318 3671 per
1341 3585 1469 3651 diversa
1491 3587 1573 3651 loca.
1627 3584 1689 3658 Qui
1719 3585 1818 3649 etiam
1841 3588 1986 3673 sepultus
2011 3597 2067 3654 est

406 3687 470 3753 VH
492 3689 535 3752 id.
559 3690 645 3774 Aug.
1259 3690 1345 3776 apud
1368 3691 1501 3755 beatmn
1524 3688 1657 3752 Petrum
1680 3688 1762 3753 VIII
1784 3689 1827 3754 id.
1851 3690 1936 3774 Aug.

1259 3813 1426 3877 consulatu
1448 3810 1583 3876 Maximi
1606 3810 1670 3874 iun.

406 3928 553 3995 (lassavit
576 3931 781 4018 episcopatus
804 3930 873 3995 dies
890 3930 947 3996 VI.
1258 3932 1301 3998 Et
1324 3933 1462 3997 cessavit
1486 3931 1691 4016 episcopatus
1715 3929 1784 3995 dies
1801 3929 1858 3995 VI.

448 4071 496 4113 nv.
520 4049 692 4134 Insanum,
722 4053 852 4116 natione
877 4051 1017 4134 Tuscus,
1049 4073 1092 4116 ex
1114 4061 1205 4139 patre
1302 4075 1351 4118 nv.
1375 4055 1544 4134 lasanum,
1571 4053 1701 4116 natione
1731 4051 1870 4136 Tuscus,
1902 4075 1945 4118 ex
1966 4064 2064 4140 patre

406 4151 613 4235 Constantio,
643 4155 727 4220 sedit
749 4154 872 4221 anull
906 4177 1007 4221 mens.
1023 4155 1106 4221 VIII
1136 4153 1207 4220 dies
1260 4157 1466 4238 Constantio,
1505 4157 1589 4223 sedit
1626 4177 1677 4222 an.
1700 4155 1735 4220 II
1766 4177 1868 4224 mens.
1885 4158 1951 4223 Vll
1991 4160 2064 4227 dies

405 4257 479 4338 XV,
504 4279 524 4323 a
547 4260 713 4323 consulatu
736 4259 872 4323 Maximi
899 4281 1001 4346 usque
1025 4261 1067 4324 ad
1090 4281 1204 4324 consu·
1259 4262 1333 4342 XV,
1357 4283 1376 4324 a
1400 4262 1569 4326 consulatu
1590 4259 1724 4324 Maximi
1753 4281 1855 4347 usque
1879 4262 1922 4326 cd
1945 4285 2063 4330 consu-

405 4361 506 4425 latum
530 4361 642 4427 Olibri.
1259 4364 1360 4429 latum
1384 4363 1488 4428 Olibri
1511 4365 1575 4428 iun.

404 4481 468 4547 Hic
489 4489 624 4548 vocatur
653 4505 674 4548 a
699 4505 778 4570 rege
802 4483 1007 4549 Theodorico
1031 4482 1205 4552 Ravenna:
1259 4485 1355 4549 Hunc
1377 4484 1598 4550 Theodericus

406 4607 501 4672 quem

404 4729 464 4772 rex
486 4729 605 4794 rogans
627 4709 714 4772 misit
735 4710 768 4773 in
790 4710 955 4794 legatione
1259 4729 1318 4772 rex
1341 4729 1460 4794 rogans
1483 4711 1569 4773 misit
1590 4711 1623 4772 iu
1645 4710 1842 4794 legationem

405 4827 715 4916 Constantinopolim

405 4950 446 5016 ad
469 4950 592 5017 Iustino
616 4952 701 5037 Aug.
1260 4950 1302 5015 ad
1325 4951 1483 5016 lustinum
1505 4952 1747 5037 imperatorem,

404 5075 452 5138 vir
473 5075 654 5160 religiosus,

404 5196 458 5281 qui
481 5216 604 5260 summo
629 5215 739 5258 amore
756 5193 921 5278 religionis
937 5193 1127 5258 christianae
1144 5213 1202 5257 vo·
1259 5194 1334 5279 quia
1342 5194 1483 5259 lustinus
1495 5214 1620 5258 summo
1634 5214 1744 5258 amore
1756 5194 1921 5278 religionis
1934 5191 2061 5257 christi-

402 5298 463 5362 luit
485 5298 645 5362 hereticos
669 5298 841 5363 extricare.
985 5301 986 5304 ’
1258 5319 1339 5361 anae
1363 5298 1464 5362 voluit
1486 5298 1647 5362 hereticos
1670 5297 1818 5383 perdere,

403 5419 487 5483 Nam
510 5440 634 5484 summo
659 5419 784 5483 fervore
815 5418 969 5482 ecclesias
992 5416 1203 5482 Arrianomm

402 5523 435 5588 in
459 5521 620 5589 catholica
643 5520 813 5587 dedicarit.

361 5665 363 5669 ·
402 5641 531 5708 leinde
554 5645 654 5708 iratus
1258 5648 1291 5707 et
1315 5640 1434 5707 exinde
1457 5644 1558 5708 iratus
