4538 6420
916 412 1201 472 Puouueolsseria.
1811 413 1890 470 1«le

334 592 460 658 Habuit
480 593 580 679 igitur
603 593 656 680 qui
671 591 897 658 Pontificalem
920 592 1043 679 primus
1067 589 1229 656 ordinavit
1250 596 1423 678 utrumque
1447 590 1675 677 episcoporum
1697 591 1888 656 laterculum

229 703 297 761 tam
327 695 473 762 Iudicem
502 717 598 782 quem
630 695 765 762 dicimus
795 717 891 783 quam
913 695 1123 761 Liberianum
1154 700 1188 760 et
1220 695 1251 760 in
1280 695 1393 782 spatiis
1426 694 1672 781 episcopatuum
1702 695 1888 761 ordinandis

229 807 368 889 utroque
391 801 439 866 uti
460 801 576 888 potuit.
613 800 771 888 Dupliees
792 821 943 866 numeros
965 821 1030 866 non
1050 799 1180 868 ridetur
1201 801 1358 887 posuisse,
1382 799 1534 885 quoniam
1558 797 1717 865 eiusmodi
1739 799 1886 885 gemina-

231 904 356 970 tionum
382 903 509 981 codices
533 904 686 991 exempla
706 905 796 969 nulla
812 903 1021 992 suppeditant
1038 909 1177 991 excepto
1200 925 1265 969 uno
1281 903 1339 986 ΕΙ,
1363 923 1460 989 quem
1483 908 1667 968 constater
1688 904 1887 969 contamina-

230 1009 318 1073 tione
335 1028 421 1073 saec.
438 1008 488 1073 XI
511 1008 668 1094 originem
684 1007 825 1074 trahere.
863 1008 1048 1073 Posteriora
1063 1007 1314 1094 interpolatione
1329 1009 1362 1072 in
1384 1007 1503 1072 librum
1519 1007 1743 1072 Pontificalem
1759 1007 1886 1072 venisse

232 1132 272 1177 ea
295 1132 378 1198 quae
401 1112 503 1177 habet
525 1133 567 1178 ex
597 1113 745 1198 catalogo
768 1111 943 1177 Liberiano
975 1111 1160 1199 negandum
1193 1118 1256 1189 est;
1286 1133 1362 1176 nam
1390 1111 1524 1176 huiusce
1553 1111 1656 1176 libelli
1686 1112 1796 1198 paucis
1819 1112 1887 1176 noti

230 1216 370 1302 vestigia
390 1215 533 1281 maxime
557 1217 762 1304 reperiuntur
786 1217 822 1281 ,in
845 1215 996 1282 editionis
1024 1218 1140 1305 prioris
1168 1216 1313 1303 reliquiis
1336 1214 1375 1278 K
1396 1221 1430 1280 et
1453 1216 1492 1280 cl.
1517 1214 1579 1298 III,
1604 1213 1722 1280 adsunt
1743 1216 1777 1279 in
1799 1215 1887 1279 Fet

230 1319 268 1382 el.
292 1318 317 1383 I.
340 1318 374 1382 ΙΙ
397 1320 435 1384 iis
457 1319 600 1386 maxime
622 1321 712 1404 locis,
734 1321 768 1385 in
791 1321 906 1407 quibus
929 1320 1035 1387 Index
1058 1321 1174 1388 delicit.
1221 1320 1317 1396 Quod
1340 1319 1367 1385 si
1389 1326 1575 1407 superesset
1598 1318 1748 1385 editionis
1770 1319 1886 1405 prioris

229 1422 417 1509 exemplum
440 1423 613 1510 integrum,
637 1425 706 1490 sine
730 1423 828 1491 dubio
844 1427 971 1491 numeri
985 1425 1154 1491 Liberiani
1168 1426 1201 1491 in
1218 1446 1258 1491 eo
1280 1425 1468 1512 primarium
1491 1425 1598 1489 locum
1622 1429 1787 1499 tenerent;
1812 1444 1885 1488 eum

229 1527 314 1592 enim
345 1527 535 1592 laterculum
565 1526 608 1593 ad
636 1528 857 1594 chronicorum
889 1529 1026 1594 formam
1053 1551 1157 1617 prope
1189 1528 1402 1594 accedentem
1431 1527 1679 1604 fundamentum
1707 1528 1814 1614 operis
1837 1528 1885 1593 sui

228 1651 301 1695 esse
324 1631 426 1696 voluit
454 1638 567 1698 auctor
588 1632 786 1698 Pontificalis
807 1633 919 1720 itaque
942 1634 1118 1700 verisimile
1150 1639 1200 1699 est
1227 1653 1379 1698 numeros
1408 1653 1537 1719 quoque
1564 1632 1620 1696 ubi
1650 1633 1798 1697 laterculi
1821 1630 1885 1697 duo

228 1733 422 1800 differebant
444 1734 593 1803 adhunc
615 1737 817 1825 potissimum
845 1759 920 1803 eum
949 1739 1118 1804 formasse.
1163 1737 1230 1804 Sed
1259 1743 1406 1824 tempore
1439 1735 1639 1823 procedente
1669 1757 1742 1800 cum
1765 1735 1885 1801 Indicis

228 1841 430 1927 exemplaria
456 1840 561 1906 ubivis
589 1848 774 1928 prostarent
797 1848 831 1907 et
851 1843 879 1908 is
902 1864 1031 1930 quoque
1053 1844 1192 1908 insertus
1215 1842 1459 1908 collectionibus
1482 1841 1689 1906 conciliorum
1714 1845 1748 1905 et
1770 1838 1885 1905 deere-

227 1950 333 2009 torum
357 1945 523 2032 papalium
545 1944 588 2010 ad
610 1947 798 2012 canonicam
821 1945 1062 2033 quodammodo
1086 1948 1311 2012 auctoritatem
1334 1947 1549 2034 pervenisset,
1580 1944 1622 2011 ad
1653 1966 1727 2010 eum
1757 1951 1886 2010 vetusta

232 2049 456 2135 episcoporum
480 2049 638 2114 ordinatio
662 2050 831 2137 spatiaque
855 2051 886 2114 ei
907 2071 973 2115 non
995 2051 1206 2136 congruentia
1227 2048 1363 2116 subinde
1386 2054 1511 2114 munta
1533 2054 1616 2114 sunt.

330 2168 703 2255 scinomannis
728 2192 802 2236 cum
825 2171 973 2258 scriptori
995 2173 1089 2237 unius
1112 2170 1336 2237 tanturmmodo
1359 2172 1507 2237 laterculi
1531 2171 1625 2258 copia
1647 2169 1754 2252 merit,
1777 2169 1884 2256 spatia

226 2274 259 2338 in
282 2273 393 2339 Indice
418 2275 583 2340 enuntiata
607 2273 724 2340 eadem
746 2275 815 2340 iere
839 2281 912 2340 sunt
934 2281 1032 2362 atque
1055 2277 1128 2341 libri
1151 2276 1358 2342 Pontificalis.
1406 2275 1473 2340 Sed
1496 2296 1568 2340 cum
1590 2273 1741 2339 differant
1765 2271 1883 2338 Indicis

102 2367 106 2374 ’
228 2378 428 2466 exemplaria
456 2379 638 2464 antiquiora
665 2401 685 2444 a
707 2381 942 2445 racentIoribus
966 2387 1000 2445 et
1027 2381 1132 2467 magis
1162 2383 1335 2468 corruptis,
1359 2381 1535 2467 quaeritur,
1559 2379 1599 2446 ad
1622 2385 1710 2444 utros
1732 2398 1884 2443 numeros

227 2483 426 2548 Pontificalis
460 2485 661 2570 exemplaria
687 2504 760 2548 sese
791 2485 971 2572 applicent,
1002 2487 1082 2549 item
1114 2484 1155 2551 de
1188 2486 1299 2574 paucis
1321 2485 1419 2568 locis,
1446 2484 1503 2549 ubi
1526 2483 1722 2549 Pontifiealis
1745 2481 1818 2547 libri
1842 2482 1883 2546 ab

226 2586 337 2652 Indice
359 2587 532 2670 recedunt,
555 2589 721 2674 quaeritur
743 2588 820 2674 quid
843 2588 1049 2654 statuendum
1072 2591 1122 2654 ait.
1168 2589 1251 2655 Inda
1274 2589 1517 2655 observationes
1542 2587 1724 2652 efficiuntur
1746 2586 1825 2652 hae:

369 2709 410 2774 K
434 2715 468 2775 et
496 2731 579 2798 quae
606 2711 639 2776 in
669 2711 731 2777 hac
758 2717 853 2799 parte
881 2733 954 2778 cum
983 2734 1024 2778 ea
1051 2713 1226 2778 concordat
1255 2711 1455 2777 Pontifiealis
1477 2712 1517 2777 cl.
1538 2709 1591 2774 III
1613 2713 1791 2796 sequuntur
1813 2709 1883 2773 iere

433 2812 552 2880 Indicis
574 2836 726 2881 numeros
748 2816 956 2901 antiquiores.
992 2815 1046 2881 Ita
1068 2815 1234 2902 Simplicio
1251 2814 1321 2901 (49)
1345 2835 1490 2880 mensem
1513 2814 1637 2878 nullum
1660 2811 1738 2877 dant
1759 2812 1882 2879 indices

430 2917 508 2983 boni
535 2923 615 2984 l-6
644 2926 678 2986 et
708 2919 910 2986 Pontificalis
934 2920 973 2985 cl.
998 2920 1061 3004 III,
1092 2941 1135 2985 m.
1156 2921 1173 2984 Ι
1194 2918 1318 2985 indices
1347 2917 1526 2984 deteriores
1550 2920 1634 2982 7-e
1663 2923 1696 2982 et
1718 2918 1882 3004 epitomae

429 3021 502 3085 FK
518 3027 552 3086 et
575 3024 613 3087 cl.
638 3024 665 3090 I.
689 3023 738 3098 II;
772 3024 908 3110 Pelagio
932 3023 949 3088 1
974 3021 1045 3109 (62)
1076 3044 1105 3088 a.
1120 3021 1191 3088 IIII
1218 3021 1337 3088 Indicis
1367 3021 1568 3110 exemplaria
1595 3021 1702 3085 omnia
1731 3027 1765 3086 et
1786 3021 1827 3086 K
1849 3027 1883 3085 et

429 3125 469 3190 cl.
485 3123 547 3208 III,
571 3149 601 3194 a.
615 3127 664 3191 XI
688 3129 726 3193 cl.
743 3127 770 3192 Ι.
786 3127 838 3203 ΙΙ;
861 3125 1047 3192 DeusdedIt
1072 3126 1142 3192 dies
1164 3126 1229 3191 XX
1251 3124 1358 3192 Index
1382 3131 1416 3191 et
1430 3126 1470 3190 K
1483 3131 1517 3191 et
1539 3128 1577 3192 cl.
1591 3124 1654 3207 III,
1679 3124 1749 3191 dias
1764 3125 1882 3191 XXIII

430 3230 469 3294 el.
493 3228 509 3294 I
533 3235 567 3295 et
589 3230 632 3296 Il.

358 3350 399 3433 F,
430 3351 484 3437 qui
505 3354 692 3418 nonhabet
714 3354 775 3419 nisi
803 3353 908 3440 spatia
931 3356 1069 3435 37-56,
1094 3353 1128 3417 in
1155 3352 1205 3417 bis
1234 3374 1362 3439 quoque
1391 3353 1537 3440 sequitur
1564 3351 1683 3418 Indicis
1712 3352 1881 3438 exemplar

431 3455 563 3542 aliquod
593 3456 746 3522 deterius.
794 3457 955 3522 Notabilis
983 3462 1033 3522 est
1061 3476 1236 3558 consensus
1264 3458 1428 3545 epitomae
1450 3457 1545 3524 huius
1568 3477 1640 3522 cum
1662 3455 1813 3523 indicet
1847 3457 1880 3521 in

429 3559 540 3626 Felice
563 3559 612 3624 IV
636 3559 716 3646 (56).

370 3680 409 3745 cl.
433 3681 450 3745 l
473 3687 507 3746 et
528 3681 562 3745 ll
586 3681 793 3764 concordant,
816 3688 852 3747 ut
874 3681 972 3748 modo
989 3681 1138 3756 vidimus,
1161 3681 1195 3745 in
1218 3681 1380 3748 erroribus
1401 3683 1510 3763 meris,
1534 3682 1647 3768 quales
1668 3680 1880 3747 indicavimus

429 3784 462 3848 in
488 3783 664 3870 PelagioI
694 3792 727 3850 et
755 3784 954 3856 Deusdedit:
984 3784 1070 3850 unde
1105 3785 1267 3870 colligitur
1298 3806 1355 3850 eos
1384 3806 1510 3850 errores
1542 3785 1731 3850 commissos
1760 3806 1832 3851 esse
1861 3808 1881 3852 a

430 3887 585 3974 scriptore
602 3888 771 3976 archetypi
788 3890 986 3955 recensionis
1005 3889 1193 3976 posterioris
1208 3890 1380 3954 translatos
1393 3887 1469 3953 inde
1489 3889 1522 3952 in
1544 3887 1682 3953 classem
1699 3895 1877 3976 utramque.

326 4021 380 4090 hd
414 4026 656 4115 chronologiam
686 4030 912 4116 episcoporum
934 4027 1156 4094 Romanorum
1186 4025 1398 4091 ordinandam
1421 4025 1621 4092 Pontificalis
1648 4025 1732 4090 liber
1758 4027 1879 4092 inutilis

223 4132 289 4210 est,
324 4129 350 4194 si
382 4133 551 4218 exceperis
583 4133 811 4220 supplementa
845 4132 887 4198 ad
915 4130 1095 4220 explendos
1122 4131 1229 4196 hiatus
1258 4129 1398 4215 catalogi
1424 4129 1590 4196 Libariani
1620 4131 1816 4215 pertinentia
1846 4136 1880 4195 et

222 4237 408 4318 praeterea,
439 4241 475 4300 ut
504 4242 755 4302 consentaneum
785 4242 851 4319 est,
880 4236 981 4324 partis
1004 4234 1192 4321 posterioris
1214 4234 1321 4321 spatia
1344 4254 1387 4298 ex
1414 4239 1507 4320 parte
1534 4235 1603 4298 sine
1627 4232 1725 4298 dubio
1747 4255 1813 4298 uon
1836 4254 1879 4298 ex

223 4335 380 4402 laterculo
404 4339 513 4424 aliquo
528 4340 561 4404 in
576 4340 802 4406 Pontificalem
825 4341 940 4406 librum
965 4340 1131 4421 translata,
1154 4337 1214 4403 sed
1236 4339 1268 4403 in
1285 4337 1474 4403 Pontificale
1491 4357 1606 4423 corpus
1629 4337 1671 4402 ab
1687 4337 1878 4424 aequalibus

220 4439 325 4503 relata
348 4445 382 4505 et
410 4440 579 4509 indolere
608 4443 650 4509 ad
679 4445 854 4510 laterculos
884 4443 1024 4510 adiecta.
1068 4443 1107 4508 In
1137 4443 1269 4528 reliquis
1292 4441 1334 4507 ad
1366 4443 1611 4530 episcopatuum
1640 4443 1745 4529 spatia
1768 4440 1877 4507 deter—

221 4541 374 4607 minanda
397 4542 598 4612 redeundum
622 4553 672 4613 est
699 4547 742 4613 ad
771 4547 852 4614 duos
878 4548 1054 4614 laterculos
1076 4546 1274 4634 primitivos,
1302 4567 1345 4611 ex
1368 4545 1484 4632 quibus
1506 4545 1707 4610 Pontificalis
1729 4551 1877 4611 auctores

223 4649 257 4709 et
279 4643 480 4713 ordinatores
502 4648 658 4735 pendent.
703 4649 827 4738 Spretis
850 4650 993 4717 fontibus
1015 4649 1198 4738 purioribus
1227 4650 1282 4736 qui
1312 4670 1355 4714 ex
1376 4650 1440 4715 hoc
1461 4648 1590 4714 turbido
1612 4650 1686 4715 lacu
1715 4649 1877 4734 hauriunt,

220 4748 284 4917 181ῒί
313 4749 449 4917 aquaque
479 4753 595 4818 melius
621 4755 790 4820 consulent
816 4756 1015 4821 abstinentes
1042 4755 1074 4819 in
1106 4754 1203 4820 rebus
1236 4754 1438 4820 saeculorum
1463 4753 1605 4842 priorum
1636 4752 1836 4841 explicandis
1858 4776 1879 4820 a

234 4853 241 4866 ‘
267 4874 303 4917 ro
356 4855 518 4921 ontihcali.

735 5133 1029 5200 INTERVALLA
1051 5132 1369 5200 EPISOOPATVS.

323 5268 574 5336 Intervallorum
601 5273 807 5360 episcopatus
829 5272 908 5339 sede
930 5274 1015 5339 inter
1029 5273 1199 5360 pontifices
1215 5271 1295 5337 duos
1311 5277 1448 5338 vacante
1472 5272 1558 5337 solus
1579 5271 1664 5336 liber
1684 5275 1877 5359 pontificalis

221 5393 390 5438 recensum
413 5375 575 5461 proponit,
599 5373 641 5438 ad
660 5376 907 5462 singulas·vitas
932 5384 1079 5443 extremo
1101 5379 1175 5442 loco
1194 5376 1352 5442 adnotans
1371 5377 1476 5463 spatia
1492 5377 1696 5464 episcopatus
1712 5380 1876 5444 cessantis.

220 5475 430 5542 Laterculum
452 5475 527 5541 inde
551 5477 702 5543 effectum
726 5480 849 5547 subieci
872 5482 1020 5568 repetitis
1041 5482 1075 5546 in
1098 5501 1138 5546 eo
1163 5501 1291 5566 quoque
1314 5479 1389 5546 inde
1413 5481 1454 5546 ab
1477 5501 1517 5546 eo
1541 5486 1705 5568 tempora,
1729 5504 1792 5569 quo
1815 5484 1875 5548 ali-

222 5600 318 5664 quam
347 5581 519 5644 utilitatem
548 5581 671 5647 habere
693 5583 866 5671 incipiunt,
889 5585 1001 5671 spatiis
1024 5584 1250 5671 episcoporum
1273 5583 1316 5650 ad
1339 5585 1612 5671 computationem
1635 5585 1704 5652 fere
1727 5585 1875 5652 Duches-

219 5684 348 5748 nianam
369 5681 424 5770 (ci.
441 5705 472 5770 p.
487 5683 615 5772 XLII);
645 5707 719 5752 nam
748 5686 790 5753 de
811 5688 990 5753 intervallis
1011 5686 1165 5753 iudicium
1187 5688 1264 5753 ferri
1286 5709 1350 5753 non
1372 5694 1483 5776 potest
1503 5689 1565 5755 nisi
1588 5690 1700 5776 spatiis
1723 5690 1875 5779 adsump-

322 5819 398 5858 rrasu
414 5819 587 5858 rorrrrrcasrs
603 5821 620 5860 1.
1652 5815 1670 5866 h
