4538 6420
903 393 1188 454 rsouuaousstrts.
1783 398 1877 454 xxm

221 572 295 638 libri
317 570 515 636 Pontificalis
538 578 572 637 et
593 572 731 658 primum
755 578 788 636 et
810 573 930 654 solum,
959 591 1093 636 numero
1117 570 1292 636 admodum
1319 571 1437 654 multa,
1465 593 1506 636 ea
1529 579 1654 637 constat
1676 575 1787 660 paucis
1810 576 1874 638 for-

222 685 308 742 tasse
332 677 477 762 exceptis
500 676 545 739 ita
568 675 703 740 conficta
725 695 814 758 esse,
843 683 879 741 ut
901 676 1048 740 falsarius
1071 675 1113 740 sd
1134 675 1223 762 ipsas
1250 695 1302 738 res
1324 674 1445 760 passim
1469 680 1504 739 at
1525 676 1596 740 aliis
1619 675 1819 743 documentis
1843 683 1876 742 et

223 777 455 846 consuetudine
479 779 697 844 ecclesiastiea
718 784 874 862 uteretur,
897 781 1027 845 nomina
1050 781 1276 866 episcoporum
1291 785 1414 844 temere
1431 781 1735 847 comminisceretur.
1773 783 1876 847 Frau-

225 883 273 948 dis
296 885 511 970 suspicionem
534 883 723 948 confirmant
751 885 997 969 geminationes.
1044 883 1147 949 Sirioii
1171 883 1337 948 decretum
1361 884 1537 970 genuinum
1560 885 1696 970 (86,11):
1729 886 1780 950 dic
1802 906 1875 950 ceu-

223 989 330 1052 stituit
358 987 527 1052 Ῑιινιιιιιιιιι
557 987 615 1052 sad
646 1007 762 1052 ιιιαιιιιι
790 989 988 1069 impositione
1015 985 1216 1054 reconciliari
1247 986 1363 1052 iisdem
1394 987 1462 1052 lara
1491 988 1598 1053 verbis
1628 988 1722 1054 adest
1750 990 1815 1053 iam
1845 991 1877 1054 in

224 1091 366 1157 Eusebio
383 1092 449 1175 (45,
460 1089 501 1174 ι);
525 1091 576 1154 tic
591 1091 740 1157 hereticos
762 1093 883 1158 incenit
904 1094 940 1158 ιἰι
955 1093 1031 1158 urbe
1044 1091 1157 1171 Rcosa,
1173 1111 1252 1173 quos
1266 1112 1329 1174 per
1343 1112 1459 1156 maures
1473 1091 1675 1172 irspositioais
1693 1092 1878 1158 recortcilio-

227 1196 271 1258 ott
282 1195 316 1274 ¹).
360 1193 461 1259 Lucio
484 1193 571 1280 quod
597 1195 748 1260 tribuitur
769 1197 801 1260 in
825 1196 966 1262 editione
989 1202 1127 1283 ubsque
1150 1197 1217 1280 (32,
1233 1197 1273 1282 ι);
1297 1195 1349 1260 isio
1369 1197 1545 1277 praecepit,
1567 1201 1605 1260 at
1626 1196 1689 1261 duo
1710 1197 1880 1276 presbiteri

224 1304 253 1364 et
275 1303 338 1362 tres
359 1298 487 1363 diaconi
509 1300 594 1364 maai
616 1299 681 1365 loce
702 1301 877 1382 criscopum
901 1321 966 1366 ιιιιι
987 1300 1171 1378 moeret,
1193 1301 1290 1386 plane
1313 1299 1501 1387 respondet,
1524 1305 1560 1364 ut
1582 1299 1627 1364 ibi
1644 1299 1878 1378 adnotavimus,

225 1401 338 1468 canoni
364 1401 505 1467 secundo
532 1404 658 1468 concilii
686 1425 715 1468 a.
737 1408 799 1469 595
826 1406 1010 1490 poteritque
1038 1404 1174 1469 fortasse
1203 1403 1427 1468 intercalatis
1451 1424 1580 1491 quoque
1609 1401 1726 1468 indicia
1755 1403 1878 1468 referri.

224 1505 367 1571 Decreta
389 1505 544 1570 attributa
559 1505 709 1572 Euaristo
728 1509 773 1590 (9,
785 1508 823 1588 s),
846 1508 1029 1594 Zephyrino
1046 1507 1114 1593 (20,
1129 1511 1164 1590 ι),
1189 1506 1353 1572 Bonifatio
1369 1506 1387 1571 Ι
1409 1509 1476 1590 (93,
1489 1510 1514 1590 ι)
1530 1508 1673 1590 veniunt,
1695 1513 1732 1571 ut
1746 1507 1798 1572 'ibi
1821 1507 1878 1571 ad-

225 1610 408 1697 scripsimus
432 1615 466 1673 et
488 1609 672 1675 observavit
694 1613 772 1676 item
794 1611 998 1677 Duchesnius
1022 1611 1131 1695 (roll
1154 1633 1185 1698 p.
1201 1608 1409 1694 OOLXXW,
1439 1631 1481 1676 ex
1511 1611 1645 1676 concilio
1671 1610 1879 1676 Silvestriano

226 1715 450 1800 episcoporum
474 1713 656 1779 OOLXXV
679 1717 816 1782 auctoris
839 1716 939 1780 nostri
961 1715 1075 1781 fraude
1097 1717 1182 1780 inter
1204 1715 1375 1802 episcopos
1399 1714 1543 1780 diversos
1567 1714 1746 1780 distributa.

328 1819 370 1886 X.
401 1817 542 1884 Nomina
569 1821 795 1906 episcoporum
827 1807 1023 1902 formantur,
1057 1825 1093 1884 ut
1126 1819 1197 1884 fieri
1226 1820 1310 1884 solet
1339 1820 1371 1884 in
1405 1819 1588 1884 litterature
1615 1818 1881 1901 Christianorum,

225 1942 315 1988 more
338 1943 403 1987 non
424 1923 589 2006 Romano,
614 1922 672 1988 sed
695 1924 839 2004 Graeco,
863 1923 985 1988 scilicet
1006 1943 1164 2010 nusquam
1187 1927 1377 2010 comparent
1398 1923 1529 1988 nomina
1553 1924 1614 1988 tria
1636 1923 1798 2008 legitima,
1822 1923 1880 1989 sed

226 2027 404 2092 solitarium
425 2048 542 2110 unum,
567 2027 654 2114 quod
689 2035 841 2094 exactum
876 2026 917 2092 ad
946 2027 1127 2092 Romanam
1159 2025 1426 2092 cousuetudinem
1457 2028 1648 2114 plerumque
1682 2029 1881 2114 cognominis

227 2131 363 2196 formam
387 2130 497 2199 babet.
541 2133 662 2199 Forma
687 2134 770 2220 signi
795 2154 859 2198 non
886 2134 1046 2219 reperitur
1074 2138 1150 2198 ante
1175 2131 1364 2216 Eusebium,
1394 2152 1467 2197 raro
1494 2133 1713 2218 praenominis
1738 2132 1881 2220 (Lucius,

227 2235 339 2318 Gaius,
363 2234 503 2322 Marcus)
527 2240 580 2303 vel
602 2239 758 2323 gentilicii
781 2235 975 2323 (Cornelius,
998 2235 1124 2322 Iulius).

227 2339 367 2405 Additur
388 2341 494 2426 patria
517 2341 549 2404 in
572 2341 731 2428 episcopis
755 2341 902 2406 omnibus
924 2361 988 2406 uno
1013 2345 1152 2425 excepto
1176 2337 1310 2406 Conone
1333 2337 1534 2426 (LXXXV),
1564 2361 1758 2427 quamquam
1782 2347 1816 2406 et
1837 2341 1882 2406 ibi

228 2445 372 2530 epitome
387 2442 575 2509 Cononiana
590 2465 663 2510 eam
684 2445 837 2511 enuntiat.
874 2443 928 2509 Ad
943 2444 1119 2526 Romanos,
1144 2444 1199 2529 qui
1219 2449 1294 2508 sunt
1314 2445 1411 2529 longe
1426 2442 1565 2529 plurimi,
1588 2465 1661 2508 cum
1683 2444 1885 2510 adscribatur

228 2549 399 2635 aliquoties
420 2551 522 2634 regio,
547 2571 604 2616 eos
626 2551 714 2616 locos
737 2551 975 2636 composuimus
998 2549 1157 2615 adiunctis
1179 2551 1326 2637 reliquis,
1356 2550 1471 2638 quibus
1493 2548 1691 2614 Pontificalis
1713 2551 1882 2635 regionum

228 2654 316 2719 urbis
338 2653 494 2719 meminit.

386 2754 613 2844 [subdiaconus
637 2757 865 2844 (regionarius)
888 2759 1012 2845 primas
1035 2758 1177 2844 regionis
1200 2763 1229 2822 et
1250 2757 1392 2844 regionis
1416 2763 1530 2822 sextae
1557 2759 1627 2838 147,
1643 2781 1678 2821 ιι.
1694 2780 1727 2820 ιι.

384 2858 486 2948 [ragio
508 2860 612 2947 prima
635 2861 678 2926 ad
700 2869 844 2928 sanctum
863 2863 1009 2944 Paulum,
1032 2863 1131 2927 tertia
1153 2860 1195 2926 sd
1216 2865 1362 2926 sanctum
1377 2859 1597 2943 Laurentium,
1621 2867 1716 2926 sexta
1735 2861 1787 2925 vel
1802 2859 1885 2944 [sic]

435 2964 574 3050 septima
595 2965 638 3030 ad
660 2972 806 3032 sanctum
828 2967 961 3032 Petrum
987 2971 1058 3050 112,
1075 2991 1109 3032 ιι.
1126 2991 1160 3032 ιι.

385 3067 425 3132 de
448 3069 583 3153 regione
606 3071 711 3156 prima
733 3070 955 3136 Auentinense
979 3073 1031 3154 85,
1045 3095 1065 3136 ι.

385 3171 428 3260 (in
450 3174 584 3264 regione
606 3174 641 3239 Π
662 3175 716 3240 uia
736 3175 924 3240 Mamurtini
947 3177 998 3257 87,
1014 3198 1037 3240 ι.

385 3275 428 3365 [in
449 3279 583 3363 regions
606 3277 657 3344 111
680 3279 771 3343 iuxta
799 3278 943 3344 thermas
964 3276 1168 3342 Domitianas
1192 3278 1246 3362 qui
1268 3276 1538 3362 cognominantur
1559 3275 1715 3340 Traianus
1737 3298 1768 3362 p.
1787 3280 1839 3358 11,
1853 3299 1886 3340 ιι.

385 3381 426 3446 de
448 3383 582 3468 regione
597 3382 630 3446 V
652 3389 761 3446 tauma
784 3383 856 3465 (om.
873 3383 937 3461 Aa
960 3380 1067 3468 Oaput
1089 3382 1173 3447 tauri
1200 3385 1308 3463 118,ι;
1338 3380 1379 3446 de
1402 3381 1536 3466 regiona
1560 3379 1667 3467 Caput
1694 3381 1776 3444 tauri
1805 3383 1851 3463 10,
1863 3405 1884 3444 1.

386 3485 426 3550 de
450 3487 584 3571 regione
606 3484 689 3550 Vico
711 3485 825 3572 patrici
849 3489 878 3568 6,
892 3511 913 3549 ι.

385 3588 427 3654 de
450 3590 584 3675 regione
608 3587 699 3654 Oelio
722 3595 832 3654 monte
857 3593 886 3671 7,
903 3611 929 3664 ι;
954 3587 994 3652 de
1019 3587 1131 3653 (laelio
1154 3591 1266 3652 monte
1293 3592 1362 3669 141,
1375 3611 1397 3651 ι.

384 3693 426 3758 de
449 3694 582 3779 regione
605 3693 669 3759 Via
691 3693 758 3758 lata
784 3698 866 3776 ll,1.
889 3696 942 3775 43,
956 3717 978 3756 ι.

386 3796 427 3862 de
450 3799 585 3883 regione
607 3796 698 3862 Urbe
720 3795 981 3862 Ravennantium
1004 3799 1055 3878 21,
1068 3821 1089 3860 ι.

385 3898 429 3986 [in
451 3899 582 3966 Sicinini
604 3901 738 3986 regione
760 3903 813 3983 48,
828 3925 862 3966 ιι.

386 4003 429 4092 (in
451 4007 586 4092 regions
609 4005 651 4070 ad
674 4005 738 4070 duo
761 4010 908 4070 amantes
930 4007 983 4086 48,
1000 4027 1033 4068 ιι.

388 4107 431 4197 [in
453 4111 588 4196 regione
612 4109 714 4176 Orlea
736 4111 788 4190 48,
804 4135 838 4174 ιι.

233 4214 480 4300 Composuimus
503 4215 586 4279 haee
615 4215 781 4279 enuntiata
814 4212 930 4278 eodem
954 4209 1129 4290 vocabulo,
1159 4208 1218 4273 sed
1241 4209 1295 4272 vix
1319 4206 1435 4271 eadem
1458 4203 1706 4291 significatione;
1735 4225 1809 4269 uam
1832 4205 1888 4269 ubi

232 4337 384 4382 numerus
408 4317 511 4400 deest,
534 4318 625 4403 regio
650 4323 683 4382 ιι
706 4317 746 4382 de
770 4319 841 4382 loco
865 4317 972 4402 aliquo
995 4315 1079 4379 intra
1101 4313 1215 4378 urbem
1231 4313 1324 4378 ιίιιι
1348 4310 1473 4376 urbana
1494 4309 1597 4395 accipi
1620 4315 1738 4395 potest.
1784 4306 1887 4372 Locos

234 4421 329 4504 duos,
353 4443 433 4508 quos
455 4423 576 4509 primos
598 4422 778 4509 posuimus,
807 4427 955 4507 spectare
985 4418 1028 4483 ad
1053 4417 1142 4483 urbis
1164 4416 1290 4482 Romae
1318 4420 1445 4502 septem
1472 4414 1622 4498 regiones
1654 4412 1888 4478 ecclesiasticas

234 4526 367 4592 dubium
395 4547 461 4590 non
488 4531 552 4606 est,
582 4546 665 4611 quae
694 4525 807 4590 divisio
842 4546 914 4590 cum
945 4522 1154 4589 diaconorum
1182 4519 1339 4586 ecclesiae
1368 4519 1513 4584 urbanae
1539 4537 1674 4582 numero
1705 4515 1888 4603 septenario

235 4632 406 4697 coniuncta
427 4631 461 4695 in
483 4629 632 4715 catalogo
655 4628 829 4694 Libsriano
852 4629 992 4694 refertur
1014 4625 1057 4691 ad
1071 4625 1252 4691 Fabianum
1277 4623 1464 4709 episcopum
1489 4621 1535 4708 (p.
1553 4619 1607 4704 27)
1632 4627 1665 4686 ιι
1687 4626 1738 4685 ιιι
1759 4621 1887 4685 omnino

236 4734 466 4821 antiquissima.
517 4733 633 4800 Utrum
660 4733 804 4819 reliquae
838 4733 988 4818 regiones
1016 4749 1185 4794 numerum
1214 4726 1373 4792 habentes
1405 4723 1447 4788 ad
1475 4723 1607 4790 easdem
1634 4725 1786 4810 regiones
1813 4745 1888 4810 per·

236 4842 360 4906 tineent
387 4861 428 4904 an
455 4838 507 4904 hic
539 4857 667 4923 quoque
698 4842 733 4900 ut
763 4837 840 4902 alibi
870 4837 980 4923 aliqua
1006 4834 1164 4898 memoria
1192 4832 1332 4917 supersit
1358 4831 1528 4913 regionum
1558 4829 1599 4893 ab
1625 4829 1772 4915 Augusto
1799 4829 1888 4894 insti-

236 4951 379 5010 tutarum
395 4942 663 5030 quattuordecim,
687 4962 752 5006 non
768 4941 881 5028 liquet.
916 4940 1064 5026 ligarunt
1079 4937 1120 5002 de
1136 4937 1198 5001 hac
1214 4934 1402 5022 quaestione
1419 4953 1497 4998 sane
1513 4931 1634 4998 difficili
1649 4932 1751 4998 Henr.
1766 4931 1889 4998 Jordan

237 5047 467 5134 (Tcpopropbie
499 5046 554 5110 dor
575 5045 671 5111 Stodt
693 5043 774 5110 Βοιιι
797 5047 827 5128 2,
844 5043 922 5129 315)
955 5049 990 5108 ιι
1017 5041 1192 5107 Duchesne
1222 5038 1391 5124 (ιιιέῑαιιιιι
1423 5036 1644 5120 sarcttotocs‘s
1669 5041 1700 5102 et
1730 5037 1890 5102 d'biotoire

236 5153 299 5217 vol.
319 5156 358 5217 10
380 5173 409 5218 a.
431 5155 512 5218 1890
535 5172 567 5236 p.
586 5151 658 5232 126)
683 5155 717 5215 ιι
737 5169 841 5234 nuper
862 5147 954 5214 Elter
969 5147 1025 5235 (de
1040 5147 1146 5211 forma
1159 5145 1248 5210 urbis
1263 5143 1390 5209 Romae
1410 5143 1443 5208 in
1457 5141 1563 5207 indice
1579 5139 1742 5207 Bonnensi
1759 5163 1787 5206 a.
1808 5143 1884 5206 1891

237 5279 406 5449 lipldcopis
426 5255 492 5426 lton
515 5359 638 5445 origine
653 5356 809 5422 Romanis
833 5355 998 5442 prouincia
1021 5353 1159 5420 adscribi
1182 5353 1275 5434 solet,
1298 5351 1421 5416 scilicet
1444 5348 1592 5413 dicuntur
1614 5349 1698 5429 ltali,
1722 5348 1889 5436 Campani,

238 5465 350 5549 Tusci,
373 5464 487 5548 Marsi,
513 5464 630 5528 Graeci
654 5461 785 5545 (Graeci
808 5458 953 5524 etiamV
975 5458 1192 5524 Aatiocbeaos
1214 5456 1251 5520 de
1273 5455 1398 5520 civitate
1419 5453 1579 5518 Bethleem
1600 5453 1767 5517 Euaristus
1790 5453 1889 5518 adeo·

344 5693 365 5761 ¹)
385 5693 468 5746 Simili
486 5690 576 5745 fraude
594 5691 712 5746 ιιΙιιιίιιι
730 5687 945 5760 Symmachianus
964 5685 1093 5736 decretum
1110 5684 1137 5735 id
1154 5684 1221 5734 inter
1239 5683 1409 5734 Silvestriana
1425 5681 1528 5747 recepit.
