4538 6420
1049 424 1330 481 Pnonsoounns.

520 601 581 664 hoc
613 599 829 663 anathematis
855 601 859 682 Ι
885 619 919 663 se
945 601 948 678 Ι
976 598 1109 662 vinculis
1141 599 1312 663 inretisset.
1343 599 1348 678 Ι
1375 620 1434 684 pro
1465 598 1579 664 diebus
1610 606 1719 664 autem
1746 597 1951 684 paschalibus
1974 598 2017 663 ab

518 703 665 768 omnibus
695 723 802 789 paene
827 703 831 788 Ι
856 703 906 768 vir
932 702 1127 768 venerabilis
1157 702 1273 768 Petrus
1302 703 1454 768 Altinatis
1484 705 1654 789 episcopus
1679 703 1685 786 Ι
1712 723 1733 767 a
1759 723 1838 789 rege
1871 701 2017 766 visitator

520 807 679 872 ecclesiae
701 805 870 872 Romanae
894 806 1080 893 deposcitur
1099 804 1104 889 Ι
1123 812 1158 871 et
1180 814 1254 893 post
1281 814 1431 872 sanctam.
1448 807 1657 872 festivitatem
1685 805 1826 894 synodus
1847 807 1880 870 in
1902 805 2016 870 urbem

517 910 659 976 Romam
682 932 740 997 pro
763 912 929 977 voluntate
953 917 1084 976 senatus
1108 917 1141 976 et
1163 912 1240 977 oleri
1265 911 1398 976 iubente
1423 931 1501 997 rege
1525 911 1566 976 de
1590 911 1659 976 eius
1683 909 1872 976 excessibus
1894 907 2016 974 iudica-

518 1025 590 1082 tura
613 1017 763 1081 convenit
792 1023 890 1102 atque
918 1015 951 1080 id
981 1015 1088 1101 agitur
1106 1019 1111 1096 Ι
1131 1037 1151 1080 a
1173 1017 1332 1080 nonnullis
1362 1017 1522 1103 episcopis
1545 1023 1579 1081 et
1600 1013 1815 1104 senatorib[us
1845 1011 2014 1104 t]an[tu]rn,
2047 1038 2059 1078 s

515 1116 740 1207 Symmaolhus
770 1117 823 1206 ne]
844 1123 855 1198 ΙΙ
878 1119 1062 1184 audientiae
1086 1119 1288 1200 subderetur,
1314 1123 1318 1198 Ι
1344 1120 1405 1184 hoc
1426 1120 1534 1206 palam
1558 1141 1616 1207 pro
1639 1121 1709 1186 eius
1738 1118 1927 1184 defensione
1949 1119 2015 1184 cla-

515 1223 688 1304 mantibus,
713 1221 800 1308 quod
823 1223 948 1288 anullo
971 1225 1074 1310 possit
1089 1223 1253 1289 Romanus
1276 1223 1434 1310 pontifex,
1454 1227 1459 1305 Ι
1480 1223 1606 1288 etiamsi
1631 1225 1703 1289 talis
1719 1223 1769 1304 sit,
1794 1222 1897 1308 qualis
1920 1243 2014 1287 accu-

514 1333 617 1408 satur,
641 1325 754 1392 audiri.
782 1329 787 1410 Ι
815 1326 872 1392 sed
902 1328 1071 1393 electiores
1094 1329 1254 1393 antistites
1278 1335 1283 1404 Ι
1309 1335 1375 1392 tam
1403 1348 1461 1413 pro
1490 1328 1654 1413 religionis
1677 1327 1794 1391 intuitu
1813 1329 1818 1408 Ι
1838 1345 1934 1412 quam
1956 1347 2015 1411 pro

515 1431 608 1517 regia
643 1430 783 1494 iussione
817 1431 994 1497 censebant
1028 1437 1139 1496 tantae
1173 1433 1221 1497 rai
1254 1433 1421 1518 negotium
1449 1451 1555 1517 paene
1590 1430 1710 1517 ubique
1739 1431 1908 1516 vulgatum
1942 1430 2011 1494 sine

515 1535 664 1600 examine
700 1533 882 1599 nullatenus
916 1534 1141 1600 deserendum.
1167 1539 1172 1616 Ι
1200 1556 1336 1622 eumque
1366 1535 1507 1622 synodus
1536 1535 1680 1600 subhac
1711 1534 1908 1599 dissonantia
1943 1533 2015 1620 plus
2035 1559 2060 1597 ro

515 1640 600 1703 inter
623 1643 730 1723 partes
745 1638 942 1704 ministraret
956 1639 1101 1704 fomenta
1117 1639 1308 1719 discordiae,
1329 1645 1334 1720 Ι
1354 1639 1486 1704 tandem
1502 1639 1674 1721 constituit,
1698 1643 1734 1702 ut
1755 1637 1894 1717 libellus,
1919 1658 2015 1723 quem

517 1742 699 1808 offerebant
720 1749 923 1808 accusatores
946 1742 1141 1830 Symmachi,
1167 1750 1336 1831 susceptus
1359 1745 1443 1808 inter
1458 1748 1552 1829 gesta
1568 1743 1769 1808 sollemniter
1783 1741 1990 1829 panderetur.
2012 1741 2015 1822 Ι

515 1868 583 1933 quo
602 1847 688 1911 lacto
711 1866 788 1911 mox
812 1848 817 1930 Ι
841 1867 900 1933 per
923 1849 1093 1934 episcopos
1118 1849 1123 1932 Ι
1148 1847 1236 1914 idem
1261 1847 1489 1934 Symmachus,
1517 1852 1553 1911 ut
1581 1853 1765 1912 occurreret
1787 1846 1829 1911 ad
1850 1844 2014 1926 iudicium,

517 1953 712 2017 convenitur.
733 1955 738 2034 Ι
758 1951 816 2018 sed
833 1975 905 2018 cum
927 1975 987 2039 per
1010 1955 1153 2034 clericos,
1177 1955 1232 2041 qui
1247 1955 1278 2018 ei
1301 1954 1529 2034 observabant,
1551 1953 1665 2018 luisset
1683 1952 1752 2018 sius
1774 1959 1895 2037 negata
1916 1973 2012 2038 prae·

516 2057 629 2138 sentia,
651 2055 790 2138 {iterum
815 2062 848 2121 et
871 2057 966 2122 tertio
990 2058 1165 2124 secundum
1188 2059 1329 2144 regulas,
1352 2065 1389 2122 ut
1411 2056 1454 2121 ad
1476 2055 1665 2142 synodalem
1688 2057 1859 2122 conveniat
1878 2055 2012 2122 audien-
2035 2073 2059 2113 ιι

516 2161 609 2242 Sam,
642 2181 702 2247 per
731 2161 890 2226 antistites
922 2161 1123 2244 admonetur,
1154 2169 1159 2240 Ι
1190 2162 1378 2247 nullumque
1410 2161 1560 2247 dignatus
1595 2167 1644 2226 est
1673 2159 1751 2226 dare
1781 2180 1980 2246 responsum.
2006 2161 2010 2246 Ι

516 2271 590 2330 tuno
619 2265 774 2352 aliquanti
797 2267 940 2352 episcopi
964 2267 1113 2332 videntes
1132 2271 1137 2348 Ι
1156 2267 1235 2332 nihil
1259 2287 1293 2330 se
1316 2267 1348 2331 in
1372 2287 1470 2331 causa
1491 2265 1650 2352 proficere
1671 2265 1675 2346 Ι
1696 2265 1835 2347 clerum,
1868 2266 1923 2351 qui
1946 2265 2009 2330 dis-

517 2373 659 2433 cesserat
683 2373 687 2450 Ι
713 2390 733 2433 a
756 2371 916 2436 consortio
944 2371 1138 2458 Symmachi,
1163 2374 1168 2454 Ι
1192 2373 1294 2437 semel
1318 2371 1323 2454 Ι
1348 2378 1381 2436 et
1407 2371 1524 2436 ltemm
1553 2375 1772 2450 commonent,
1804 2375 1840 2434 ut
1868 2369 1910 2434 ad
1946 2391 2019 2435 sum

518 2473 748 2557 praetermisso
773 2479 955 2540 revertatur
977 2475 1138 2540 examine.
1159 2475 1164 2556 Ι
1184 2476 1237 2561 qui
1260 2497 1295 2540 se
1319 2495 1524 2562 nequaquam
1547 2475 1609 2540 hoo
1632 2475 1739 2540 lacere
1762 2494 1859 2560 posse
1881 2493 2015 2560 respon-

519 2575 575 2657 dit,
596 2577 601 2656 Ι
620 2577 809 2662 priusquam
833 2579 928 2642 tantis
952 2577 1135 2643 criminibus
1158 2579 1323 2664 impetitus
1341 2578 1538 2643 discussione
1562 2577 1703 2664 regulari
1723 2579 1728 2657 Ι
1746 2578 1801 2643 vel
1821 2577 2015 2656 absolvatur,
2036 2593 2062 2632 ιο

520 2681 546 2744 si
568 2681 722 2745 innocens
745 2682 856 2762 fuerit,
877 2681 882 2766 Ι
901 2683 969 2763 vel,
992 2683 1019 2746 si
1040 2703 1115 2747 reus
1139 2683 1292 2763 extiterit,
1319 2685 1363 2762 Ιιι
1386 2680 1567 2748 sacerdotio
1591 2679 1780 2768 deponatur.
1802 2681 1806 2766 Ι
1826 2681 1885 2746 sed
1912 2702 2019 2747 moras

519 2785 662 2871 episcopi
684 2783 763 2872 n[on
786 2782 949 2872 lerJentes,
977 2787 981 2868 Ι
1009 2807 1081 2851 oum
1104 2786 1253 2852 viderent
1280 2789 1385 2873 magis
1413 2791 1418 2868 Ι
1449 2807 1487 2852 ac
1509 2785 1613 2872 magis
1634 2787 1638 2870 Ι
1663 2785 1769 2850 studia
1793 2784 1797 2872 Ι
1820 2785 1831 2865 ΙΙ
1856 2783 2019 2850 divisionis

517 2890 640 2974 augeri,
657 2909 740 2974 quae
757 2887 818 2953 sibi
834 2889 925 2954 utilia
940 2889 1010 2953 visa
1025 2895 1098 2954 sunt
1112 2911 1172 2975 pro
1188 2889 1374 2976 Symmachi
1388 2911 1537 2977 persona,
1555 2889 1752 2954 constituunt
1771 2889 1775 2972 Ι
1796 2893 1830 2952 et
1845 2889 1890 2952 sic
1904 2887 2018 2953 urbem

517 2993 550 3056 in
574 3012 699 3056 summa
729 2992 915 3057 confusione
948 2991 1182 3079 derelinquunt.
1212 2997 1216 3076 Ι
1245 2991 1348 3059 clerus
1373 3015 1451 3080 ergo
1475 3001 1509 3058 et
1532 2999 1663 3058 renatus
1686 2992 1835 3072 electior,
1866 2991 1919 3077 qui
1942 3012 2017 3055 oon-

520 3096 654 3159 sortium
679 3096 838 3160 vitaverat
860 3094 1056 3180 Symmachi,
1077 3097 1081 3174 Ι
1101 3097 1292 3183 petitionem
1316 3099 1386 3183 regi
1408 3117 1466 3183 pro
1489 3116 1629 3184 persona
1644 3095 1800 3160 Laurenti
1823 3094 1940 3180 dirigit,
1964 3095 2017 3179 qui
2037 3119 2062 3158 ιι

517 3219 556 3264 eo
596 3205 743 3284 tempore
772 3199 950 3264 Ravennae
981 3200 1184 3281 morabatur,
1217 3203 1221 3280 Ι
1253 3199 1439 3287 Symmachi
1474 3201 1661 3265 violentiam
1696 3198 2018 3284 persecutionemque

518 3301 700 3384 declinans,
729 3308 765 3367 ut
786 3303 856 3389 ipse
879 3303 1049 3368 Romanae
1071 3303 1284 3390 praesederet
1308 3307 1482 3382 ecclesiae,
1513 3303 1569 3369 ubi
1598 3303 1718 3369 dudum
1749 3303 1854 3367 luerat
1876 3323 2019 3368 summus

518 3407 668 3493 pontifex
684 3405 859 3488 ordinatus,
880 3411 885 3488 Ι
906 3408 982 3493 quia
1003 3407 1066 3473 hoc
1089 3415 1123 3473 et
1145 3409 1321 3474 canonibus
1345 3416 1432 3473 esset
1455 3407 1608 3491 adfixum,
1629 3409 1633 3490 Ι
1653 3412 1690 3471 ut
1712 3407 1932 3493 unusquisque
1954 3407 2019 3472 illio

518 3516 720 3595 permaneat,
741 3511 821 3588 lubi
846 3513 993 3599 primitus
1017 3518 1066 3578 est
1089 3520 1294 3579 consecratus
1317 3514 1453 3596 antistis,
1477 3511 1539 3594 vel,
1564 3513 1590 3577 si
1615 3511 1807 3598 quibusdam
1831 3513 2019 3577 commentis

519 3611 637 3678 exinde
654 3619 798 3679 remotus
821 3616 928 3698 frierit,
951 3637 1023 3680 eum
1041 3616 1145 3682 modis
1168 3618 1316 3683 omnibus
1339 3638 1411 3682 esse
1427 3616 1656 3682 revocandum.
1677 3618 1682 3698 Ι
1702 3617 1747 3680 sic
1763 3615 1955 3681 Laurentius
1978 3617 2020 3682 ad
2038 3639 2064 3678 so

519 3718 632 3782 urbem
667 3719 799 3783 veniens
829 3741 889 3805 per
917 3741 1019 3784 annos
1049 3721 1175 3786 circiter
1204 3727 1356 3807 quattuor
1383 3721 1564 3786 Romanam
1591 3721 1693 3785 tenuit
1723 3720 1904 3785 ecclesiam.
1930 3720 1934 3804 Ι
1960 3737 2020 3806 per

519 3841 603 3907 quae
626 3827 776 3908 tempora
800 3845 884 3910 quae
906 3824 996 3889 bella
1019 3825 1124 3890 civilia
1148 3832 1241 3912 gesta
1264 3827 1327 3890 sint
1351 3829 1356 3900 Ι
1383 3827 1435 3891 vel
1459 3832 1578 3911 quanta
1600 3823 1774 3890 homicidia
1796 3823 2017 3911 perpetrata!

521 3945 586 3989 non
609 3931 659 3989 est
681 3928 845 4011 praesenti
867 3929 1025 3992 relatione
1047 3928 1265 4014 pandendum.
1286 3935 1289 4011 Ι
1311 3929 1452 4016 dumque
1475 3934 1585 4016 partes
1608 3949 1642 3992 se
1665 3935 1778 3991 mutua
1797 3931 1801 4008 Ι
1822 3925 2018 3992 dissensione

520 4027 676 4094 collidunt
693 4031 699 4114 Ι
719 4051 756 4094 ac
784 4051 841 4116 pro
876 4033 940 4096 suis
969 4031 1082 4097 studiis
1109 4034 1221 4119 regale
1249 4033 1446 4118 praesidium
1469 4053 1568 4119 saepe
1592 4030 1781 4116 deposcunt,
1805 4030 1847 4095 ad
1868 4031 2017 4097 ultimum

518 4133 709 4219 petitionem
733 4132 944 4221 Symmachus
977 4137 1047 4223 regi
1076 4157 1135 4223 per
1157 4137 1349 4202 Dioscorum
1372 4135 1630 4203 Alexandrinum
1654 4134 1824 4200 diaconum
1848 4134 2021 4201 destinavit
2038 4161 2063 4200 ss

518 4236 671 4302 adserens
691 4245 696 4314 Ι
715 4259 867 4324 magnum
888 4240 948 4304 ribi
970 4239 1203 4326 praeiudicium
1227 4242 1297 4306 fieri
1314 4247 1347 4306 ct
1362 4242 1504 4306 maxime
1522 4241 1562 4306 de
1579 4239 1680 4305 titulis
1697 4239 1917 4321 ecclesiarum,
1941 4261 2021 4326 quos

518 4340 601 4405 intra
617 4341 733 4405 urbem
751 4341 947 4408 Laurentius
966 4344 1143 4429 optinebat.
1165 4345 1169 4430 Ι
1190 4345 1230 4409 ad
1251 4346 1335 4410 hano
1349 4347 1597 4411 insinuationem
1613 4345 1700 4429 regis
1716 4345 1840 4408 animus
1858 4344 2007 4410 delinitus

519 4445 652 4531 patricio
680 4443 804 4534 blasto]
823 4451 834 4528 ΙΙ
850 4453 1029 4534 praecepta
1052 4448 1162 4535 dirigit
1182 4451 1187 4532 Ι
1207 4449 1394 4532 admonens,
1416 4456 1453 4513 ut
1477 4469 1588 4514 omnes
1613 4449 1770 4515 ecclesiae
1798 4449 1881 4513 tituli
1900 4453 1905 4530 Ι
1926 4447 2020 4533 Sym-

520 4548 635 4612 macho
668 4549 884 4616 resormentur
911 4551 916 4636 Ι
944 4557 977 4615 et
1007 4573 1105 4616 unum
1133 4551 1258 4617 Romae
1294 4559 1463 4640 pateretur
1492 4573 1563 4617 esse
1597 4553 1792 4640 pontificem.
1819 4555 1824 4632 Ι
1851 4549 1936 4637 quod
1965 4551 2021 4615 nbi

519 4649 713 4716 Laurentius
730 4655 896 4740 comperit,
919 4655 1035 4719 urbem
1052 4657 1154 4721 noluit
1169 4655 1320 4721 diuturna
1336 4657 1573 4722 conluctatione
1591 4658 1703 4722 vexari
1723 4659 1727 4737 Ι
1748 4677 1786 4721 ac
1806 4657 1810 4738 Ι
1830 4675 1889 4719 sua
1904 4661 2019 4741 sponte
2037 4684 2063 4723 ro

518 4755 551 4818 in
572 4755 714 4841 praediis
736 4760 905 4823 memorati
926 4759 1052 4845 patricii
1067 4757 1157 4824 Festi
1177 4765 1181 4841 Ι
1202 4761 1270 4826 sine
1287 4760 1450 4826 delatione
1476 4762 1636 4826 concessit
1655 4764 1660 4842 Ι
1680 4761 1790 4847 ibique
1814 4760 1885 4846 suh⁸
1897 4759 2021 4845 ingenti

519 4857 713 4925 abstinentia
736 4863 907 4927 terminum
922 4863 1009 4927 vitae
1031 4864 1162 4928 sortitus
1186 4871 1244 4932 est.
1265 4865 1270 4949 Ι
1291 4863 1520 4952 Symmachum
1542 4887 1619 4931 vero
1647 4863 1856 4953 postmodum
1874 4864 2021 4956 quamvis

519 4963 675 5027 victorem
698 4964 739 5028 de
762 4966 870 5030 multis
892 4967 989 5031 rebus
1012 4967 1099 5031 fama
1114 4967 1313 5033 decoloravit
1332 4971 1337 5054 Ι
1357 4969 1528 5036 obscenior
1551 4977 1585 5034 et
1602 4971 1743 5033 maxime
1768 4966 1808 5032 da
1832 4968 1898 5050 illa,
1921 4989 2018 5054 quam

519 5067 615 5151 vulgo
640 5068 848 5134 conditariam
870 5069 1065 5154 vocitabant,
1086 5074 1091 5150 Ι
1110 5092 1170 5136 nec
1192 5093 1255 5137 noo
1279 5072 1376 5138 etde
1403 5055 1567 5139 ordinibus
1592 5072 1836 5152 ecclesiasticis,
1862 5092 1941 5158 quos
1965 5093 2019 5138 ac-

521 5173 623 5257 ceptis
646 5173 754 5258 palam
777 5174 921 5260 pecuniis
945 5173 1152 5238 distrahebat.
1173 5177 1177 5256 Ι
1197 5197 1256 5260 pro
1281 5176 1395 5263 quibus
1418 5178 1516 5244 rebus
1538 5198 1641 5264 usque
1665 5174 1706 5238 ad
1728 5175 1825 5238 finem
1841 5176 1927 5240 vitae
1952 5177 2020 5240 eius
2039 5205 2064 5244 c

521 5275 659 5340 ecclesia
685 5274 833 5341 Romana
861 5277 894 5342 in
925 5277 1097 5342 schismate
1127 5278 1323 5365 perduravit.
1371 5281 1422 5346 hio
1451 5282 1540 5347 beati
1570 5279 1700 5345 Martini
1731 5279 1901 5343 ecclesiam
1930 5281 2021 5345 iuxta

468 5463 485 5516 5
508 5463 714 5531 senatorispoeae
736 5465 1047 5536 certolb(l)llla(?)n(?)llm
1071 5469 1204 5536 symmach
1212 5466 1282 5536 (ΙΙΙΙΙΙ
1305 5471 1377 5531 cod.,·
1403 5472 1513 5524 restituit
1535 5470 1620 5522 Daob.
1728 5469 1760 5522 21
1790 5473 1903 5524 extiterit
1926 5473 2022 5539 intepra

365 5549 445 5602 codem
551 5552 584 5605 18
600 5551 763 5622 ιιΙΙΙΙΙιιΙῨΙιιιΙε
781 5555 861 5607 codex
969 5553 1004 5607 33
1025 5555 1181 5608 dissentione
1199 5555 1282 5608 Daca.
1300 5575 1389 5610 errore
1493 5557 1526 5610 37
1551 5565 1610 5608 cata
1634 5557 1667 5610 ad
1685 5558 1797 5624 spatium
1813 5559 1891 5610 unius
1910 5558 2020 5616 liam

365 5638 491 5691 sentinet
577 5641 611 5694 38
628 5644 737 5710 patricio
757 5639 802 5709 ΙΙΙΙΙ
814 5642 893 5694 codsa
981 5641 1015 5694 39
1027 5644 1143 5708 fatuare
1156 5660 1205 5694 ror.
1218 5645 1300 5696 Roma
1379 5642 1413 5696 42
1431 5645 1540 5710 spatium
1553 5643 1630 5694 onim
1649 5643 1748 5696 litteras
1767 5653 1825 5696 ante
1843 5645 2021 5712 symmachum

366 5725 401 5779 44
418 5745 483 5794 quas
500 5729 555 5780 cod.
637 5728 672 5781 db
689 5739 749 5782 ante
766 5747 812 5798 pro
828 5730 940 5796 cpolim
957 5730 1035 5781 unias
1054 5728 1153 5781 litterae
1234 5728 1269 5782 46
1287 5732 1441 5783 schismatas
1457 5730 1514 5782 cod.
1563 5737 1623 5781 nate
1641 5731 1683 5782 hic
1700 5731 1812 5797 spatium
1829 5732 1907 5784 unias
1924 5733 2022 5784 naec
