4544 6428
925 437 1141 494 EPITOMAE
1795 443 1858 506 239

492 610 720 667 FELIGIANA
1342 609 1574 668 OONONIANA

204 725 238 780 et
274 715 367 780 Pauli
405 715 446 780 de
486 716 701 782 catacumbas
734 719 856 784 leuauit
892 725 1005 792 noetu;
1060 717 1100 781 de
1126 717 1342 783 Oetaeumbas
1369 718 1489 782 levavit
1515 725 1626 783 noctu:
1655 721 1858 807 primumque

204 820 343 906 primum
367 820 497 906 quidem
522 843 638 909 cerpus
656 824 744 888 beati
761 824 854 888 Pauli
871 829 1005 908 accepto
1060 844 1175 910 corpus
1205 822 1294 887 beati
1323 821 1417 886 Pauli
1444 829 1578 909 eccepto
1609 823 1707 889 beata
1737 825 1859 890 Lucina

206 923 305 988 besta
338 924 461 989 Lucina
494 929 602 1012 posuit
637 929 670 991 in
703 927 817 1014 predio
852 947 925 1009 sue,
955 927 1007 991 via
1060 927 1168 1013 posuit
1201 927 1235 990 in
1265 925 1379 1012 predio
1410 947 1483 1008 suo,
1513 928 1565 991 via
1590 927 1744 1010 Ostensa,
1767 931 1859 994 iuxta

206 1027 361 1124 Ostense,
386 1028 477 1093 iuxta
502 1031 623 1113 locum,
647 1033 703 1097 ubi
731 1032 909 1098 decollatus
939 1038 1006 1104 est;
1059 1031 1175 1111 locum,
1199 1030 1254 1094 ubi
1278 1031 1456 1095 decollatus
1479 1035 1542 1106 est;
1566 1031 1656 1096 beati
1674 1033 1764 1098 Petri
1788 1055 1858 1098 cor-

205 1132 295 1196 boati
317 1131 408 1196 Petri
432 1135 570 1220 apostoli
598 1137 725 1222 accepit
753 1158 868 1224 corpus
891 1136 1006 1200 beatus
1059 1156 1119 1219 pus
1147 1136 1273 1221 accepit
1301 1134 1469 1199 Gemellus
1500 1136 1671 1222 episeopus
1695 1143 1728 1200 et
1752 1137 1859 1223 posuit

206 1235 376 1300 Cornelius
400 1239 569 1325 episeopus
594 1247 627 1303 ct
650 1241 757 1327 posuit
776 1241 866 1305 quta
888 1241 1007 1320 locum,
1059 1240 1150 1303 iuxta
1172 1240 1288 1319 lecum,
1313 1238 1368 1302 ubi
1395 1239 1564 1304 crucifixus
1587 1248 1651 1322 est,
1681 1242 1766 1305 inter
1788 1262 1858 1306 eor-

205 1340 261 1404 ubi
282 1341 451 1405 crucifixus
467 1349 527 1422 est,
550 1344 634 1408 inter
656 1365 792 1430 corpore
814 1350 1005 1423 sanctorum,
1061 1365 1139 1430 pore
1173 1348 1356 1408 sanctorum
1393 1343 1633 1429 cpiscoporum,
1670 1345 1702 1408 in
1737 1345 1858 1429 templo

205 1446 238 1508 in
262 1445 417 1530 templum
440 1443 625 1532 Apollonis,
648 1448 681 1512 iu
704 1449 813 1512 Monte
837 1469 952 1527 aureo,
974 1448 1005 1510 in
1060 1447 1244 1534 Apollonis,
1281 1446 1314 1509 iu
1347 1445 1458 1521 Monte
1492 1469 1608 1528 auree,
1638 1449 1670 1512 in
1698 1447 1858 1513 Vaticano

208 1547 402 1612 Vaticanum
421 1550 534 1635 palatii
545 1549 693 1632 Neronis,
711 1551 761 1616 III
776 1552 819 1615 kl.
834 1551 893 1616 Iul.
929 1537 1034 1614 Post(
1060 1550 1177 1637 palacii
1192 1549 1378 1632 Neroniani,
1401 1548 1453 1614 III
1475 1551 1506 1614 k.
1530 1552 1590 1617 Iul.
1634 1550 1728 1617 Fecit
1751 1557 1859 1617 autem

207 1652 268 1715 h'ee
282 1651 402 1716 laetum
418 1649 495 1717 feeit
509 1652 743 1719 ordinationem
756 1654 781 1736 I,
797 1654 1006 1741 prestIII.
1061 1653 1295 1718 ordinationem
1318 1674 1425 1736 unam,
1448 1655 1555 1740 presb.
1572 1652 1664 1720 VIII.

1061 1792 1139 1856 Post
1176 1792 1237 1858 hee
1277 1792 1455 1857 ambularit
1490 1800 1586 1858 noctu
1620 1791 1858 1859 Centumcellis.

1060 1895 1109 1959 Eo
1133 1901 1278 1981 tempore
1309 1894 1431 1962 audivit
1454 1895 1588 1976 Decius,
1618 1917 1657 1962 eo
1681 1897 1767 1982 qued
1790 1899 1857 1985 epi·

1061 2000 1175 2064 stolam
1200 2000 1380 2086 accepisset
1403 2001 1542 2065 abesto
1568 2000 1729 2087 Cypriane
1746 2001 1860 2066 Carte-

1061 2103 1187 2189 ginensi
1210 2105 1379 2190 episcopm
1403 2103 1669 2170 aOentumeellis
1694 2127 1768 2170 eum
1792 2107 1861 2170 exi·

1062 2207 1241 2272 benefecit
1270 2207 1425 2294 iussitque
1453 2214 1550 2273 noctu
1579 2208 1639 2273 sibi
1661 2210 1861 2295 praesentari

1061 2308 1236 2397 dicensque
1253 2311 1297 2375 ei:
1322 2311 1368 2376 sie
1384 2311 1532 2394 definisti,
1554 2317 1589 2375 ut
1612 2331 1673 2377 nee
1690 2311 1768 2376 deos
1784 2333 1860 2376 een·

1062 2412 1175 2478 sideris
1198 2435 1258 2479 uec
1278 2421 1456 2500 praecepta
1471 2417 1629 2480 maiorum
1652 2437 1713 2481 nee
1735 2421 1861 2482 nostras

1061 2517 1164 2582 minas
1180 2517 1305 2601 timeas,
1329 2525 1491 2584 utcontra
1511 2539 1580 2583 rem
1596 2520 1758 2606 publicam
1774 2521 1860 2584 litte-

1062 2642 1113 2684 ras
1130 2621 1270 2706 accipias
1287 2627 1320 2686 et
1336 2621 1476 2708 dirigas?
1495 2621 1663 2687 Comelins
1679 2623 1861 2710 respondit:

1064 2745 1126 2810 ego
1165 2723 1205 2788 de
1246 2745 1364 2790 corona
1408 2726 1528 2792 demini
1571 2727 1697 2792 litteras
1740 2726 1862 2813 accepi,

1062 2849 1127 2892 non
1156 2833 1267 2892 contro
1301 2850 1371 2894 rern
1403 2830 1576 2916 publicam.
1630 2831 1720 2894 Tunc
1742 2829 1862 2895 Decius

1063 2933 1154 2998 iussit
1176 2954 1212 2996 os
1236 2933 1304 2997 eius
1335 2954 1406 2997 cunr
1435 2934 1609 3019 plumbatis
1638 2931 1710 2999 cedi
1734 2938 1767 2996 ot
1790 2931 1863 2997 duci

1065 3058 1138 3101 cunr
1162 3037 1204 3101 sd
1227 3038 1384 3123 templum
1407 3037 1530 3118 Martis,
1553 3043 1589 3102 ut
1611 3036 1762 3101 adoraret

211 3177 273 3250 Qui
290 3177 387 3241 etiam
402 3175 580 3241 decollatus
597 3181 647 3240 est
662 3177 703 3241 ad
718 3177 873 3262 templum
887 3175 1008 3242 Martis.
1065 3181 1120 3240 aut
1141 3176 1246 3259 eapite
1263 3181 1477 3240 truncaretur:
1503 3195 1586 3260 quae
1610 3180 1644 3238 et
1658 3175 1778 3240 facturn
1803 3181 1862 3240 est.

210 3298 309 3364 Cuius
331 3318 447 3384 corpus
1066 3295 1191 3382 Corpus
1214 3317 1291 3361 vere
1314 3297 1383 3361 eius

209 3427 305 3484 noctu
329 3419 460 3504 collegit

209 3539 308 3604 beata
330 3539 452 3604 Lucina
475 3545 509 3604 et
531 3541 678 3626 sepelivit
1068 3539 1165 3603 beata
1187 3537 1310 3601 Lucina
1332 3537 1482 3623 sepelivit

209 3663 240 3726 in
264 3661 366 3746 cripta

116 3855 119 3864 Ι
209 3783 301 3846 iuxta
323 3782 478 3846 cimiterio
502 3781 633 3865 Calesti,
1065 3779 1156 3843 iuxta
1178 3779 1368 3845 cimiterium
1391 3780 1513 3862 Oalisti,

209 3901 315 3967 viaA
363 3903 394 3967 ia

209 4026 243 4088 in
264 3925 376 4110 predio
396 3952 468 4104 buo,
492 4023 609 4088 XVIII
631 4025 674 4089 kl.
693 4025 763 4089 Oot.
809 4025 853 4088 Et
875 4025 1012 4089 cessavit
1066 4021 1097 4085 in
1121 4020 1254 4107 praedio
1278 4043 1346 4103 suo,
1370 4021 1486 4086 XVIII
1509 4022 1540 4084 k.
1558 4022 1673 4086 Octob.
1719 4020 1866 4086 Cessavit

212 4128 417 4214 episcopatus
440 4127 510 4193 dies
532 4127 651 4192 LXVI.
1067 4127 1271 4210 episcopatus
1295 4125 1364 4190 dies
1386 4125 1506 4190 LXVI.

255 4339 341 4386 xxru.
363 4319 492 4399 Lvervs,
515 4319 645 4384 natione
661 4319 837 4396 Romanus,
861 4324 1010 4404 expatre
1110 4335 1195 4381 xxru.
1218 4316 1350 4398 Lustra,
1389 4317 1519 4381 natione
1556 4314 1736 4396 Romanus,
1773 4322 1866 4400 patre

211 4423 374 4502 Purfurio,
398 4421 483 4486 sedit
505 4443 577 4487 eun.
595 4422 647 4487 III
668 4445 769 4488 ruens.
786 4423 835 4488 ΙΙΙ
859 4421 928 4486 dies
950 4421 1011 4486 III.
1069 4419 1219 4502 Purfirio,
1249 4419 1333 4484 sedit
1362 4441 1412 4484 an.
1428 4419 1480 4484 III
1507 4440 1607 4483 mons.
1624 4419 1710 4484 VllI
1733 4418 1802 4483 dles
1825 4419 1866 4483 X.

214 4525 368 4612 Martyrio
392 4531 573 4591 coronatur.
619 4526 694 4592 Fuit
712 4527 910 4615 temporibus
927 4526 1012 4590 Galli
1067 4523 1222 4610 Martyrio
1246 4530 1426 4589 coronatur.
1472 4523 1548 4587 Fuit
1577 4529 1686 4587 autem
1711 4523 1866 4608 tempori-

214 4635 247 4694 et
262 4629 430 4694 Volusiani
453 4650 555 4716 usque
570 4629 613 4694 ad
626 4629 800 4696 Valeriano
818 4629 869 4694 III
887 4637 920 4694 et
935 4630 1011 4694 Gel—
1067 4628 1128 4692 bus
1152 4628 1238 4693 Galli
1268 4635 1301 4694 ct
1323 4627 1491 4692 Volusiani
1519 4648 1621 4712 usque
1651 4627 1693 4691 od
1716 4626 1865 4690 Valeria-

211 4734 327 4796 lieano.
372 4732 482 4798 Hicin
500 4735 597 4799 exilio
615 4735 683 4800 fuit.
728 4735 851 4798 Postea
865 4741 943 4799 nutu
959 4733 1013 4798 dei
1067 4753 1143 4796 num
1166 4733 1218 4796 HI
1255 4739 1288 4796 et
1320 4731 1534 4797 Gallicanum.
1591 4730 1642 4795 Ab
1667 4730 1764 4794 exilio
1789 4735 1866 4793 notu

211 4837 380 4900 incolomis
403 4836 445 4901 ad
469 4839 639 4903 ecclesiam
667 4859 816 4904 reversus
846 4843 903 4902 est.
950 4837 1012 4903 Hie
1068 4834 1120 4900 dei
1153 4835 1195 4899 ad
1226 4835 1396 4900 eeclesiam
1431 4835 1598 4898 incolomis
1629 4854 1780 4898 reversus
1810 4836 1867 4895 ost.

213 4941 369 5027 precepit,
393 4945 428 5004 ut
452 4940 516 5005 doo
540 4943 710 5029 presbiteri
739 4949 773 5006 ct
796 4949 861 5006 tros
886 4941 1013 5006 diaconi
1066 4940 1130 5004 Hie
1153 4941 1310 5027 precepit,
1334 4947 1369 5004 ut
1393 4938 1455 5004 duo
1479 4937 1652 5025 presbiteri
1668 4943 1701 5001 ot
1718 4941 1782 5000 tres
1799 4934 1867 4999 dia-

213 5043 356 5108 inomni
386 5044 492 5108 locum
522 5045 709 5132 episcopum
737 5067 802 5110 nen
826 5043 1014 5110 desererent
1069 5045 1140 5108 coni
1162 5045 1193 5108 in
1217 5044 1305 5108 omni
1331 5044 1403 5108 lece
1435 5043 1622 5129 episcopum
1645 5064 1710 5108 non
1734 5040 1866 5105 descre-

211 5154 345 5235 prepter
367 5149 586 5214 testimonium
1067 5154 1141 5212 rant
1163 5153 1295 5234 propter
1317 5147 1544 5212 testimenium.

214 5269 444 5334 ecclesiastico.

214 5389 277 5464 Qui
301 5391 399 5454 ctiam
423 5390 631 5458 aVeleriano
653 5393 759 5480 eapite
776 5397 940 5488 truncatus
964 5399 1014 5458 cst
1068 5391 1132 5456 Hie
1156 5391 1365 5456 aValeriano
1389 5391 1495 5474 eapite
1519 5392 1683 5454 truncatur
1704 5385 1771 5450 IIII
1794 5406 1869 5449 non.

212 5491 282 5558 IIII
304 5515 376 5560 nen.
401 5495 495 5562 Mart.
769 5591 771 5594 Ι
832 5507 843 5566 ,’
1067 5496 1162 5560 Mart.

1067 5617 1131 5681 Hic
1153 5616 1228 5680 dum
1246 5615 1487 5701 adpersionem
1504 5611 1657 5698 pergerit,
1673 5615 1869 5698 potestatem

1069 5719 1161 5786 dedit
1176 5719 1343 5808 Stephano
1359 5716 1585 5782 archidiacone
1606 5716 1764 5781 eeclesiae
1780 5736 1868 5781 suas.
