4538 6420
925 369 1209 430 Puonnooslnrts.
1801 383 1894 439 xxm

239 543 284 625 (n.
300 541 499 628 XXXVIII)
529 543 658 609 omnino
687 549 877 630 propterea,
907 545 994 632 quod
1023 568 1096 613 eum
1124 548 1244 616 Indicis
1272 557 1384 618 auctor
1405 573 1471 618 non
1500 575 1558 641 pro
1587 557 1740 644 antipapa
1768 559 1894 640 habuit,

239 647 298 713 sed
320 668 378 734 pro
403 648 605 734 coepiscopo,
628 653 717 714 recte
732 649 765 712 ni
787 649 883 714 fallor
895 649 930 734 ι).
968 650 1098 717 Scilicet
1119 658 1156 717 ut
1177 660 1287 719 narret
1303 654 1501 722 Sozomenus
1525 659 1611 742 (bist.
1636 661 1713 726 eccl.
1737 661 1894 748 4,11—1s)

238 751 371 818 Liberio
404 753 557 838 episcopo
590 773 609 816 a
640 749 828 817 Constantio
859 753 892 816 in
922 755 1053 820 exilium
1086 757 1183 821 misso
1214 759 1351 823 elcarius
1381 760 1450 824 eius
1482 761 1586 826 factus
1617 770 1667 829 est
1696 764 1793 830 Felix
1824 764 1893 831 dia-

240 878 353 932 conus;
384 855 502 921 deinde
531 857 652 942 populo
682 855 831 921 Romano
863 864 1015 942 rogante,
1045 865 1081 924 ut
1109 861 1259 926 Liberius
1292 863 1353 928 sibi
1382 863 1590 948 redderetur,
1620 874 1654 932 et
1684 867 1895 934 suadentibus

241 962 400 1048 episcopis
420 959 529 1025 Sirmii
552 961 759 1045 congregatis
780 960 959 1046 imperator
980 963 1112 1029 Liberio
1135 966 1291 1051 permisit,
1315 973 1351 1031 ut
1372 966 1510 1033 Romam
1533 969 1654 1036 rediret
1677 979 1711 1038 et
1732 993 1798 1038 uua
1820 994 1894 1037 cum

239 1065 349 1131 Felice
380 1067 601 1151 episcopatum
626 1062 868 1130 administraret
891 1060 1070 1152 (γράφουσί
1091 1091 1128 1134 τε
1150 1067 1405 1154 προσδέξασθαι
1428 1064 1528 1138 αὐτὸν
1555 1067 1587 1139 oi
1610 1071 1644 1139 dv
1667 1072 1793 1162 Σιρμίῳ
1817 1073 1895 1142 ἐπί-

240 1167 363 1237 σκοποι
388 1163 508 1254 Φήλικι
530 1161 767 1256 σῷζ’,ἡγοομὲνῳ
789 1162 865 1235 τότε
889 1170 949 1257 τῆς
967 1163 1139 1256 Ῥωμαίων
1161 1171 1334 1262 ἐκκλησίας
1356 1174 1412 1241 καὶ
1435 1176 1484 1264 τῷ
1507 1171 1628 1242 ἐνθάδε
1650 1173 1767 1266 κλήρῳ,
1792 1172 1894 1266 ίίμφω

239 1274 276 1340 δὲ
303 1269 360 1341 τὸν
387 1265 610 1339 ἇποσσολικὸν
639 1267 869 1356 ἐπιτροπεύειν
895 1270 1017 1359 θρόνον
1047 1275 1104 1341 καὶ
1133 1279 1224 1365 κοινῇ
1255 1274 1413 1363 ἱερᾶσθαι
1444 1277 1523 1363 μεθ’
1551 1273 1732 1368 ὁμονοίας).
1777 1282 1893 1348 Paullo

239 1386 314 1467 post
347 1378 499 1444 defuncto
531 1375 643 1441 Felice
675 1374 825 1441 Liberius
862 1378 950 1442 solus
981 1380 1151 1466 episcopus
1185 1385 1339 1446 remansit
1371 1375 1494 1468 (ὀλίγον
1530 1381 1567 1449 δὲ
1602 1379 1715 1469 χρόνον
1750 1381 1896 1474 Φήλικος

239 1477 481 1567 ἒπιβιιίσοιπος
502 1474 603 1564 μόνος
617 1476 778 1564 Λιβίριος
799 1481 859 1568 τῆς
880 1477 1056 1568 ἐκκλησίας
1079 1482 1287 1570 προΐστατο).
1326 1485 1420 1550 Hanc
1435 1486 1610 1571 litigiorum
1626 1489 1894 1574 compositionem

240 1589 384 1676 sequitur
418 1586 500 1666 tere,
515 1584 657 1649 narratio
687 1583 762 1648 libri
788 1583 1000 1669 Pontificalis,
1036 1588 1068 1651 in
1097 1589 1273 1654 minoribus
1303 1590 1355 1654 bic
1386 1591 1479 1676 plura
1511 1591 1720 1674 conturbans,
1755 1591 1813 1658 sed
1846 1595 1895 1659 rei

240 1713 397 1758 summam
420 1696 510 1754 recte
535 1689 704 1754 enuntians
727 1688 834 1753 verbis
863 1710 894 1776 p.
913 1693 963 1768 79,
977 1715 1005 1754 o:
1033 1712 1139 1756 omnes
1167 1693 1274 1773 itaque
1301 1694 1383 1756 coni
1404 1693 1523 1758 Felicis
1551 1695 1587 1759 in
1617 1695 1715 1787 botius
1746 1695 1895 1783 (Liberii)

239 1797 349 1862 ordine
383 1795 638 1859 dinumerantur.
689 1789 841 1878 Sequitur
871 1793 1010 1858 eandem
1045 1795 1123 1860 item
1158 1796 1185 1859 is
1218 1797 1273 1881 qui
1300 1796 1444 1862 indicem
1474 1801 1670 1884 composuit,
1705 1801 1794 1866 cuius
1822 1806 1894 1867 octo

240 1899 442 1985 exemplaria
465 1916 507 1961 ex
529 1915 647 1960 novem
669 1894 771 1960 Felici
794 1896 932 1982 spatium
956 1903 1012 1962 aut
1033 1898 1156 1962 nullum
1179 1901 1225 1982 (n.
1253 1903 1279 1966 l.
1304 1903 1332 1964 3.
1354 1905 1383 1964 4.
1406 1905 1435 1964 5.
1458 1904 1488 1968 8.
1510 1903 1541 1984 9)
1566 1908 1622 1967 aut
1644 1923 1749 1990 paene
1772 1905 1895 1970 nullum

240 2005 285 2089 (n.
309 2007 337 2067 2.
362 2003 396 2086 6)
425 2000 628 2081 adscribunt,
657 2019 756 2063 unum
787 1999 890 2064 solum
918 2021 1124 2087 nequaquam
1157 2002 1325 2088 egregium
1349 2001 1394 2089 (n.
1413 2002 1446 2088 7)
1476 2006 1571 2070 solito
1601 2027 1692 2071 more
1721 2007 1895 2072 formatum

240 2108 379 2194 spatium
403 2105 547 2192 apponit.
573 2141 611 2150 -
635 2101 674 2166 In
702 2103 814 2187 spatiis
845 2101 1098 2169 determinandis
1121 2104 1240 2170 Indicis
1264 2107 1466 2192 exemplaria
1488 2109 1519 2173 in
1551 2107 1631 2173 duas
1654 2108 1894 2195 quodammodo

240 2210 447 2277 familiarite
470 2205 648 2287 discedunt,
672 2212 708 2270 ut
730 2206 771 2271 ab
793 2227 857 2271 una
880 2213 972 2293 parte
996 2213 1082 2274 stent
1106 2211 1308 2296 exemplaria
1330 2212 1512 2298 antiquiora
1533 2214 1675 2278 maxime
1705 2220 1730 2280 1.
1756 2219 1785 2279 2.
1811 2219 1840 2280 3.
1864 2220 1894 2296 4,

240 2316 281 2381 ab
316 2317 419 2380 altera
441 2311 623 2378 recentiore
645 2311 787 2375 maxime
813 2315 842 2376 7.
866 2314 894 2375 8.
920 2315 956 2391 9,
982 2331 1177 2400 quamquam
1199 2334 1264 2378 non
1287 2314 1404 2380 desunt
1425 2317 1488 2381 loci
1510 2337 1530 2378 a
1552 2319 1714 2383 communi
1735 2318 1797 2383 hac
1819 2319 1894 2403 lege

238 2418 440 2486 recedentes.
486 2416 712 2500 Archetypum
735 2416 878 2480 omnium
902 2417 1047 2481 extitisse
1071 2420 1200 2484 saeculo
1224 2419 1337 2504 quinto
1368 2425 1510 2485 exeunte
1533 2422 1586 2485 vel
1610 2427 1698 2487 certe
1720 2423 1894 2508 incipiente

240 2530 333 2588 sexto
356 2521 431 2587 inde
455 2520 633 2605 colligitur,
658 2517 745 2605 quod
768 2539 811 2582 ex
835 2520 1076 2604 exemplaribus
1105 2523 1361 2609 antiquissimum
1384 2522 1470 2608 quod
1494 2522 1622 2588 videtur
1643 2525 1713 2590 linit
1734 2526 1767 2589 in
1790 2525 1895 2611 spatio

240 2626 395 2692 GelasiII
417 2621 635 2710 (492-196),
665 2623 727 2687 tria
750 2643 792 2686 ex
816 2623 928 2688 ordine
952 2629 1134 2710 temporum
1159 2627 1330 2711 sequentia
1350 2626 1384 2690 in
1407 2627 1511 2712 spatio
1534 2625 1730 2692 Hormisdae
1754 2627 1790 2713 (†
1806 2625 1896 2713 523),

240 2737 369 2796 sextum
391 2730 424 2795 in
446 2727 592 2792 Iohanne
608 2726 642 2791 Π
665 2727 701 2812 (†
717 2726 806 2810 535).
851 2726 1044 2792 Lateroulus
1072 2749 1135 2815 quo
1166 2735 1314 2816 tempore
1344 2730 1377 2793 in
1407 2729 1491 2794 hanc
1512 2729 1648 2794 formam
1677 2729 1828 2796 redactus
1856 2733 1897 2796 sit

240 2855 312 2900 cum
347 2833 554 2898 determinari
585 2829 771 2917 nequeatll,
806 2837 893 2896 certe
927 2831 1005 2896 nihil
1039 2833 1164 2915 obstat,
1199 2833 1367 2920 quominus
1401 2839 1563 2898 vetustate
1596 2833 1804 2899 Liberianum
1840 2842 1897 2900 aut

239 2944 360 3025 aequet
390 2943 446 3001 aut
475 2941 616 3022 superet.
661 2933 843 2999 Immunem
875 2954 948 2999 eum
978 2937 1135 3001 mansisse
1167 2957 1187 3000 a
1215 2937 1405 3021 corruptelis
1433 2935 1609 3001 Liberiano
1645 2939 1783 3024 propriis
1811 2939 1895 3004 intra

241 3040 460 3108 ostendemus.

341 3161 460 3228 Iudicis
484 3160 685 3247 exemplaria
707 3165 782 3244 post
798 3158 1066 3225 Schelestratium
1081 3158 1306 3226 Bianchiuium
1322 3159 1508 3246 Vignolium
1524 3159 1671 3247 Llpsium
1687 3162 1768 3226 alios
1791 3182 1896 3248 nuper

239 3267 420 3354 composuit
434 3264 638 3330 Ducbesuius
652 3262 729 3344 (vol.
749 3269 762 3327 1
787 3283 819 3348 p.
836 3263 980 3348 aas—33)
1002 3284 1137 3329 numero
1153 3284 1270 3329 novem
1280 3263 1318 3350 ³),
1343 3265 1458 3350 quibus
1482 3264 1608 3329 decimo
1625 3265 1697 3330 loco
1714 3264 1897 3331 addidimus

238 3373 344 3458 spatia
367 3370 541 3455 fragmenti
563 3368 763 3433 Veronensis
785 3387 883 3453 supra
912 3389 943 3454 p.
964 3367 1013 3431 XI
1046 3366 1134 3433 edita
1158 3369 1380 3454 pervenientia
1403 3391 1423 3432 a
1445 3368 1640 3453 Symmacho
1672 3368 1714 3434 ad
1729 3367 1896 3455 Vigilinm,

238 3474 410 3540 undecimo
436 3494 519 3560 quae
544 3472 691 3537 subiecta
714 3478 787 3536 sunt
811 3471 973 3556 epitomae
990 3471 1176 3538 Felicianae
1192 3473 1415 3558 pervenientia
1438 3493 1457 3536 a
1479 3470 1643 3537 Bonifatio
1659 3471 1707 3536 IV
1731 3472 1773 3536 ad
1795 3471 1895 3536 Pela-

240 3581 328 3666 gium
345 3577 389 3659 II,
413 3574 606 3641 duodecimo
630 3594 713 3661 quae
729 3575 934 3660 reperiuntur
948 3576 981 3640 in
997 3577 1236 3640 continuatione
1253 3575 1470 3663 Prosperiana
1485 3575 1666 3641 Havniensi
1681 3596 1701 3638 a
1715 3574 1827 3640 Felice
1843 3575 1896 3640 III

238 3684 281 3748 ad
309 3678 501 3747 Deusdedit.
547 3679 623 3765 lpse
651 3698 846 3764 quamquam
875 3679 943 3742 eius
971 3679 1099 3762 generis
1128 3677 1256 3744 codices
1289 3700 1354 3743 non
1379 3700 1501 3765 paucos
1534 3680 1640 3744 evolvi
1651 3679 1690 3765 ⁴),
1723 3680 1897 3765 plerosque

238 3786 412 3851 laterculos
427 3783 492 3849 vidi
516 3791 660 3868 sumptos
683 3801 756 3846 esse
778 3801 845 3845 nou
866 3788 932 3846 tam
950 3800 991 3845 ex
1007 3780 1119 3846 Indice
1143 3801 1239 3866 quam
1256 3802 1298 3846 ex
1321 3781 1404 3846 libro
1421 3780 1642 3868 Pontitioali⁵)
1665 3802 1772 3868 neque
1794 3783 1895 3847 ullum

345 4024 365 4090 ι)
389 4025 507 4093 Exposui
523 4025 555 4076 de
573 4023 755 4076 controversiis
773 4023 813 4074 his
835 4023 862 4073 in
880 4022 1063 4074 commentario
1081 4022 1123 4074 dic
1144 4023 1286 4075 rtrnirchea
1304 4023 1426 4090 Birclrbse
1444 4021 1564 4075 JJiberirrr
1580 4024 1636 4076 aad
1654 4023 1731 4076 Feta
1749 4023 1787 4074 ΙΙ
1800 4024 1897 4076 inserto

239 4113 394 4180 ephemeridi
412 4110 529 4163 deobcbc
549 4109 696 4170 Zeitrclrrs't't
712 4111 758 4170 fttr
779 4106 1110 4174 Ocrchicbtrrcirrenrclrcst,
1126 4123 1190 4159 cruc
1208 4104 1665 4174 Ροὶρι1κ1896)7ρ.167-179.
1768 4107 1789 4171 ¹)
1807 4109 1897 4176 Light·

240 4199 334 4251 tectius
355 4196 383 4263 (l.
396 4214 419 4250 c.
442 4216 466 4265 p.
479 4194 541 4263 311)
566 4195 676 4248 leonini
694 4194 850 4247 vocabulum
872 4194 896 4244 ei
920 4193 1011 4245 tribuit
1035 4201 1169 4261 propterea
1191 4195 1259 4260 quod
1281 4195 1309 4245 iu
1335 4194 1451 4261 paschsh
1469 4194 1570 4246 Cisensi
1597 4197 1692 4262 scripto
1714 4213 1737 4248 a.
1758 4192 1809 4247 447
1835 4195 1898 4246 hsce

239 4287 364 4354 leguntur
382 4285 481 4349 (chron.
500 4285 562 4335 min.
580 4284 629 4334 vol.
645 4281 659 4333 1
679 4300 704 4350 p.
716 4278 794 4344 507)ι
814 4280 873 4331 boio
892 4279 1034 4332 collectioni
1047 4281 1215 4346 paschalium
1233 4281 1334 4332 dicrum
1352 4299 1405 4332 oon
1422 4281 1505 4332 rotem
1522 4280 1614 4333 ret-iem
1631 4281 1765 4333 consutum
1777 4279 1897 4333 οοιιοαιιί-

239 4389 310 4438 mor,
337 4373 382 4424 red
408 4371 484 4422 etiem
511 4387 594 4420 aanor
621 4369 778 4434 apostolieae
804 4367 871 4419 rcdr'r
895 4366 1037 4417 ameum
1063 4375 1088 4418 ct
1109 4375 1204 4418 aetam
1227 4367 1300 4433 regat
1324 4367 1472 4433 princepum
1493 4365 1673 4418 Rornanorum
1700 4367 1898 4434 diligentirrr'oro

240 4460 406 4512 adnotatione
428 4456 594 4509 ιιιόἀίιίίσιιιι.
630 4457 743 4508 Ateius
764 4456 867 4523 generis
893 4454 996 4506 tabulas
1023 4461 1092 4506 certe
1115 4455 1176 4505 inde
1197 4454 1232 4506 ab
1256 4461 1339 4506 comte
1363 4454 1581 4506 Constantiniana
1607 4453 1712 4519 publice
1738 4453 1896 4504 circumferri

240 4547 327 4599 solitas
350 4561 406 4598 esse
427 4561 487 4597 curn
509 4544 628 4596 ostendat
649 4542 856 4609 chronographia
871 4539 1065 4602 Pbiloculians,
1088 4540 1169 4592 verba
1191 4541 1239 4592 ills
1263 4558 1314 4592 non
1336 4541 1521 4603 determinent,
1546 4540 1621 4590 ouius
1644 4545 1752 4591 naturae
1776 4539 1899 4591 iudexie

240 4634 271 4686 de
293 4650 345 4699 quo
362 4638 447 4699 egunt
463 4632 549 4683 tuerit.
638 4628 661 4692 ⁸)
684 4629 821 4697 Catalogos
845 4629 944 4694 aliquot
967 4629 1061 4680 aetam
1087 4628 1236 4680 recentioris
1259 4634 1374 4680 recenset
1391 4629 1512 4679 Msassen
1533 4625 1640 4689 Ocellcn
1660 4624 1673 4675 1
1692 4642 1717 4692 p.
1730 4623 1802 4678 405.·
1825 4627 1899 4678 Com-

240 4721 375 4788 pilstiones
393 4719 545 4786 indigestae,
564 4733 632 4782 quas
650 4722 798 4783 proponunt
815 4715 924 4768 editores
937 4714 1109 4766 Solesrnenser
1124 4715 1246 4782 (origines
1257 4714 1290 4766 de
1308 4713 1403 4780 l'tgls'rc
1415 4713 1542 4764 Bcructac
1555 4729 1610 4778 por
1628 4712 1665 4762 ter
1682 4713 1804 4764 member
1821 4711 1854 4763 de
1872 4713 1900 4762 tc

240 4806 400 4857 σοιαιαὶιιίοιι
422 4804 454 4856 de
478 4803 605 4856 Solcrsnea
623 4801 703 4856 voll
721 4803 828 4855 Parisiis
847 4800 913 4854 1836
936 4819 961 4868 p.
974 4799 1106 4868 I-CXII)
1129 4809 1155 4854 et
1176 4801 1249 4853 Pitra
1273 4799 1401 4866 (analecta
1420 4799 1561 4852 novissima
1578 4799 1705 4866 spicilegii
1723 4799 1898 4864 Solesrneusis,

239 4893 324 4945 altera
341 4892 500 4944 continuatio
518 4897 578 4942 tom.
597 4891 610 4940 1
627 4906 651 4942 a.
665 4886 732 4941 1885
750 4906 776 4956 p.
787 4886 937 4952 elo-334)
955 4887 1094 4940 utilitatem
1112 4904 1164 4938 nou
1181 4888 1287 4939 habent.
1376 4886 1398 4954 ι)
1417 4889 1486 4939 Inter
1504 4887 1583 4939 libros
1601 4900 1667 4950 quos
1685 4901 1734 4951 ego
1752 4885 1899 4936 examinari

241 4996 309 5030 unus
322 4979 486 5031 Monacensis
500 4973 584 5029 letes
602 4972 675 5042 (olim
688 4976 713 5027 8.
726 4975 881 5026 Emmerami
899 4977 923 5026 G
936 4972 998 5040 117)
1016 4988 1083 5025 saec.
1096 4973 1155 5032 XII,
1173 4973 1265 5024 finiens
1283 4975 1309 5024 in
1324 4972 1440 5024 Iohanne
1452 4974 1490 5024 III
1509 4972 1538 5036 (†
1549 4969 1611 5036 574)
1630 4971 1745 5035 mutilus,
1765 4989 1816 5024 non
1834 4971 1900 5021 redit

240 5065 272 5115 ad
290 5065 385 5117 librum
403 5063 587 5132 pontificalem,
614 5079 673 5114 cnm
698 5062 801 5113 omittat
818 5061 971 5113 Auacletum
989 5068 1015 5113 et
1032 5061 1146 5113 admisso
1163 5061 1316 5112 Marcellino
1333 5061 1499 5123 Marcellum,
1523 5061 1568 5112 sed
1585 5060 1618 5111 sd
1635 5059 1757 5112 Iudicem.
1792 5059 1900 5110 Numeri

241 5159 336 5213 umen,
354 5167 419 5218 quos
436 5151 548 5213 encmri,
567 5168 582 5202 a
599 5150 699 5202 testatis
712 5148 806 5200 uostris
824 5163 876 5199 uon
888 5149 1011 5200 recedunt
1022 5149 1072 5199 uisi
1089 5148 1186 5215 apertis
1197 5148 1349 5214 corruptelis
1369 5148 1443 5212 (casu
1462 5148 1554 5214 opinor
1564 5147 1611 5198 Pio
1630 5145 1781 5198 tribuuntm
1798 5145 1823 5197 d.
1836 5145 1900 5196 XXI

240 5253 300 5290 curn
317 5238 436 5304 catalogo
453 5233 611 5301 Liberiano),
630 5251 678 5287 nec
694 5235 789 5302 dignus
807 5235 878 5285 meur
896 5241 936 5286 cst
952 5233 1018 5285 liber
1035 5249 1137 5300 means,
1163 5251 1241 5301 quem
1261 5236 1289 5286 in
1306 5234 1377 5286 huno
1395 5235 1510 5287 ordinem
1534 5234 1664 5285 reterrem.
1738 5228 1759 5299 ι)
1778 5204 1899 5297 Cstdlogi

241 5323 349 5376 derivati
383 5340 417 5375 cx
432 5323 581 5376 Pontifieali
602 5321 833 5389 completumque
851 5327 950 5372 textum
974 5321 1096 5373 classium
1114 5323 1250 5374 meliorum
1269 5330 1418 5388 sequantur,
1442 5322 1611 5373 inveniuntur
1634 5321 1695 5371 item
1720 5319 1866 5370 recedentes
1885 5336 1901 5370 a

240 5411 355 5462 numeris
379 5409 531 5477 vulgaribus
555 5415 581 5460 et
602 5409 742 5476 pendentes
764 5425 780 5459 r
801 5407 885 5458 classe
909 5408 993 5460 tertia.
1029 5409 1070 5460 lta
1091 5408 1227 5475 catalogus
1249 5408 1310 5461 libri
1326 5407 1484 5461 Hsvnieuris
1504 5403 1572 5460 1582
1593 5406 1687 5457 hulcus
1704 5405 1733 5456 ln
1749 5405 1856 5457 Nicolao
1875 5407 1901 5457 11

241 5495 271 5562 (†
288 5495 367 5560 1061)
390 5497 468 5548 habet
488 5496 572 5563 spatia
592 5495 668 5548 haec:
694 5493 824 5546 Anterotis
851 5492 905 5560 (qui
926 5495 1082 5546 Pontianum
1105 5493 1245 5561 praecedit)
1268 5494 1328 5546 XII.
1346 5495 1366 5544 1.
1385 5495 1435 5546 XII
1454 5489 1524 5558 (curn
1543 5489 1708 5558 vulgsribus)
1727 5519 1762 5530 -
1779 5493 1901 5545 Pontiani

240 5585 356 5636 v.11.11
374 5581 438 5650 (tere
455 5590 486 5636 ut
503 5584 534 5634 ol.
547 5583 596 5650 ΠΙ)
615 5608 650 5618 -
667 5582 785 5634 Marcelli
796 5583 827 5632 V.
841 5582 897 5632 VII.
910 5583 973 5634 XXI
992 5579 1063 5648 (oum
1082 5581 1165 5648 vulg.)
1184 5609 1218 5619 -
1236 5581 1342 5634 Eusebii
1359 5583 1392 5632 11.
1407 5583 1440 5632 II.
1452 5581 1527 5632 XXV
1545 5577 1616 5644 (cum
1634 5579 1666 5630 ol.
1681 5579 1730 5642 III)
1749 5605 1783 5615 -
1800 5579 1901 5645 Pelagii

242 5671 317 5740 primi
334 5673 379 5724 XI.
392 5671 425 5722 X.
438 5669 525 5720 XVIII
549 5665 620 5734 (oum
640 5666 813 5736 vulgaribus).
847 5667 970 5720 Similiter
993 5669 1077 5722 editus
1101 5683 1184 5734 nuper
1208 5667 1381 5734 (spicilegium
1404 5667 1490 5718 Oasin.
1507 5662 1598 5719 torni
1620 5683 1643 5717 r.
1657 5661 1726 5715 1888
1749 5681 1774 5730 p.
1791 5660 1843 5714 419
1867 5665 1901 5724 ct,
