4612 6436
376 419 516 477 CXXXVI
1065 417 1352 475 Pnouneounua

377 594 621 661 HadrianumI
655 598 689 678 (†
713 593 790 680 795)
822 600 856 660 et
886 614 970 681 quae
1003 600 1116 659 extant
1151 594 1410 660 continuationes
1446 593 1488 659 ad
1523 593 1726 680 Stephanum
1747 593 1780 658 V
1802 593 1837 679 (†
1859 591 1937 678 891)
1966 614 2038 659 cum

377 701 489 785 paucis
521 699 744 765 tantummodo
779 705 813 763 et
848 699 901 764 hic
929 699 994 764 illie
1024 699 1211 785 interruptis
1242 699 1484 786 exemplaribus
1511 698 1650 764 traditae
1673 699 1750 780 sint,
1774 701 1884 784 potest
1906 696 2038 762 delendi

377 805 409 869 in
425 803 627 870 HadrianoI
649 805 740 869 finire
763 803 880 868 librum
900 803 1140 878 Pontifiealem;
1164 809 1253 868 certe
1276 805 1525 869 instaurationes
1549 805 1667 890 operis,
1691 824 1771 889 quas
1794 808 1943 867 auctores
1967 803 2037 890 qui-

378 908 455 973 dam
478 910 675 995 posteriores
697 913 948 994 temptavemnt,
972 908 1134 973 diversam
1158 908 1288 972 omnino
1311 906 1624 972 administrationem
1645 908 1822 994 requirunt.
1866 905 2038 972 Nihilomi-

376 1034 437 1077 nus
470 1014 547 1078 satis
577 1013 677 1077 habui
700 1034 816 1099 corpus
838 1013 977 1077 sitarum
1001 1011 1165 1078 eonditum
1187 1012 1317 1076 saeculo
1341 1013 1479 1098 septimo
1502 1033 1674 1078 recensere
1698 1033 1769 1077 cum
1794 1011 1945 1076 auctariis
1969 1011 2038 1074 eius

378 1117 628 1202 antiquioribus,
663 1118 798 1203 partim,
830 1122 866 1181 ut
900 1115 968 1180 dixi
1000 1117 1046 1202 (p.
1062 1115 1156 1198 XV),
1186 1122 1320 1202 propter
1352 1117 1507 1181 Lucensis
1542 1117 1616 1181 libri
1647 1115 1892 1197 auctoritatem,
1919 1115 2038 1200 partim

379 1222 531 1307 quoniam
557 1241 665 1286 rerum
693 1221 814 1286 saeculi
842 1221 947 1285 octavi
970 1221 1119 1285 tractatio
1151 1221 1274 1284 amois
1298 1219 1411 1284 studiis
1434 1220 1541 1284 aliena
1565 1226 1624 1285 est.
1668 1219 1778 1305 Ipsam
1805 1219 1889 1284 hanc
1910 1225 2038 1304 partem

378 1326 505 1411 suscepi
534 1326 652 1390 invitus
680 1331 713 1390 et
741 1323 981 1411 quodammodo
1009 1325 1203 1390 necessitate
1232 1329 1372 1388 coactus.
1430 1322 1561 1389 Scilicet
1595 1323 1813 1388 monumentis
1842 1321 2038 1387 Germaniae

381 1429 540 1494 historicis
564 1428 698 1494 edendis
722 1430 775 1516 qui
798 1450 987 1516 praesumus
1014 1430 1152 1494 vitarum
1175 1429 1410 1514 pontificiarum
1437 1429 1569 1515 plenam
1595 1429 1743 1515 syllogen
1770 1426 1812 1492 ab
1835 1427 1912 1512 ipsis
1934 1428 2037 1492 socie-

293 1517 295 1523 ’
378 1535 455 1598 tatis
483 1539 613 1598 nostrae
642 1533 824 1620 primordiis
850 1535 979 1620 publice
1006 1534 1197 1621 promissam
1226 1555 1298 1598 cum
1326 1532 1590 1618 intellegeremus
1619 1538 1686 1596 tarn
1718 1538 1853 1618 propter
1878 1531 2038 1618 pollicita·

380 1637 485 1702 tiones
514 1657 569 1701 eas
604 1658 701 1724 quam
736 1645 871 1725 propter
906 1639 1046 1725 aliquam
1079 1659 1187 1703 rerum
1220 1639 1449 1703 necessitatem
1483 1639 1587 1703 omitti
1618 1658 1683 1702 non
1716 1657 1830 1723 posse,
1865 1637 1895 1701 ei
1928 1642 2038 1700 autem

380 1764 500 1830 operae
523 1745 577 1830 qui
600 1765 636 1809 se
659 1747 844 1831 accingeret
867 1745 921 1810 diu
944 1747 1126 1832 quaesitum
1148 1767 1213 1811 non
1227 1747 1456 1831 reperiremus,
1471 1746 1613 1810 maxime
1637 1749 1711 1830 post
1734 1740 1856 1806 editam
1872 1743 2040 1827 egregiam

381 1847 557 1913 Duohesnii
586 1850 809 1915 recensionem
840 1851 1009 1916 iuvenibus
1039 1851 1081 1914 ah
1114 1850 1331 1914 aemulatione
1362 1848 1539 1930 deterritis,
1574 1871 1609 1914 re
1645 1870 1704 1935 per
1738 1845 1847 1933 plures
1879 1847 2040 1912 sessiones

380 1951 562 2017 deliberata
586 1954 690 2039 prima
711 1975 786 2041 pars
810 1955 918 2041 operis
941 1955 1020 2020 mihi
1036 1953 1232 2020 demandata
1256 1960 1315 2020 est.
1361 1954 1445 2018 Eum
1471 1953 1619 2018 laborem
1647 1953 1712 2018 iam
1734 1957 1771 2016 ut
1793 1952 1885 2037 potui
1907 1951 2040 2037 perfeci,

380 2076 441 2120 uec
477 2054 631 2130 deerunt,
663 2057 723 2121 nisi
756 2057 839 2122 fallit
871 2059 957 2123 iusta
989 2059 1190 2144 expectatio,
1226 2059 1281 2144 qui
1308 2058 1522 2144 posteriorum
1556 2057 1783 2144 episcoporum
1817 2057 1900 2120 vitas
1933 2075 2040 2119 rerum

380 2158 651 2224 Germanicarum
675 2159 825 2225 studiosis
854 2161 1054 2246 aliquantum
1077 2160 1222 2225 utiliores
1246 2159 1420 2246 diligenter
1448 2167 1639 2226 recenseant
1670 2159 1753 2224 hanc
1775 2179 1884 2223 meam
1907 2179 2040 2244 operam

382 2263 625 2343 continuantes,
655 2270 691 2327 ut
713 2263 758 2328 ita
787 2283 871 2350 quae
898 2265 931 2328 in
954 2265 1117 2329 societatis
1140 2269 1270 2328 nostrae
1293 2265 1419 2351 scriptis
1450 2263 1556 2329 adhuc
1580 2261 1766 2328 desiderata
1788 2267 1877 2342 sunt,
1909 2261 2040 2326 tandem

381 2364 557 2452 aliquando
582 2367 784 2452 expleantur.

489 2469 627 2535 Oodices
648 2469 690 2534 ad
704 2469 789 2535 hanc
803 2472 1026 2536 recensionem
1045 2470 1208 2537 adhibitos
1224 2472 1304 2536 alios
1319 2473 1474 2558 integros,
1498 2472 1579 2536 alios
1602 2471 1644 2536 ad
1667 2473 1832 2558 specimen
1855 2473 2043 2537 enumeravi

381 2595 478 2660 supra
499 2572 546 2661 (p.
562 2572 886 2660 Il);,-³prolegomena
909 2581 1131 2661 exposuerunt
1153 2596 1209 2641 cur
1231 2577 1302 2641 illos
1325 2576 1513 2662 selegerim,
1536 2576 1597 2641 hos
1619 2576 1798 2659 reiecerim,
1821 2582 1949 2640 secutus
1972 2575 2041 2640 fere

380 2679 414 2742 in
444 2676 592 2742 omnibus
621 2676 853 2744 Duohesnium.
910 2677 1067 2744 Codicum
1096 2687 1190 2744 notas
1218 2701 1346 2766 quoqne
1374 2681 1416 2746 ab
1449 2701 1489 2746 eo
1522 2681 1678 2746 formatas
1711 2680 1883 2767 plerasque
1914 2679 2041 2760 retinui,

382 2781 878 2849 seiuoesA1-0131-⁷o¹-⁴D¹
902 2783 951 2868 (D
972 2782 1091 2868 Duoh.)
1109 2783 1142 2848 E
1150 2784 1271 2823 ¹·²·⁴·⁵·⁸
1286 2783 1334 2864 (E
1342 2785 1354 2822 ³
1370 2783 1475 2849 Ducb.
1499 2785 1578 2849 mihi
1607 2790 1658 2848 est
1681 2784 1781 2860 Mat.)
1802 2782 1910 2849 F¹·²·³
1926 2781 2043 2870 (F⁸·¹³·⁰

380 2884 502 2971 Dnch.)
529 2885 623 2963 6111,
640 2885 693 2969 (H
711 2885 831 2974 Duas.)
854 2886 895 2951 K
899 2886 939 2927 Μ
963 2885 1017 2973 (Κ
1017 2887 1057 2926 “¹³
1080 2885 1199 2970 Duoh.)
1225 2887 1261 2952 Τ.
1315 2888 1486 2953 Librorum
1521 2890 1725 2976 aliquatenus
1760 2889 1885 2954 utilium
1918 2888 2041 2953 ramam

382 2991 556 3055 lectionem
580 2989 656 3056 dedi
677 2992 855 3077 integram
877 3013 953 3057 nam
976 2989 1019 3055 ad
1041 2991 1198 3057 selectam
1222 2991 1263 3057 de
1286 2993 1374 3057 nullo
1396 2993 1479 3059 libro
1503 3000 1593 3058 recte
1609 2993 1744 3060 iudicari
1761 2999 1879 3079 potest.
1924 2990 2042 3057 Libros

383 3115 444 3180 por
465 3114 501 3159 se
523 3095 653 3160 inutiles
675 3095 762 3182 quod
785 3117 849 3161 non
873 3097 969 3182 plane
993 3096 1121 3183 sprevi,
1145 3095 1203 3160 sed
1227 3097 1393 3183 specimen
1417 3117 1530 3162 eorum
1555 3118 1685 3184 quoque
1710 3096 1800 3176 dedi,
1822 3097 1897 3162 ideo
1920 3097 2042 3162 factum

385 3206 445 3280 est,
470 3197 557 3284 quod
582 3199 780 3265 Pontifioalis
802 3200 876 3267 libri
898 3200 1065 3287 usurpatio
1088 3200 1121 3265 in
1145 3221 1254 3265 rerum
1275 3201 1390 3265 notitia
1414 3208 1448 3265 et
1470 3202 1541 3287 ipsa
1557 3203 1698 3288 aliquem
1714 3203 1824 3267 locum
1847 3203 1909 3268 sibi
1930 3207 2042 3289 postu-

384 3304 431 3367 lat
455 3308 489 3368 et
511 3302 643 3369 editoris
665 3304 794 3371 videtm
823 3326 896 3370 esse
925 3327 1035 3370 curam
1058 3325 1173 3390 agere,
1196 3312 1232 3369 ut
1255 3326 1318 3391 quo
1342 3306 1527 3391 pertineant
1549 3306 1666 3391 singuli
1697 3307 1770 3372 libri
1794 3312 1828 3372 ct
1852 3307 1922 3393 quis
1945 3327 2042 3393 quern

385 3407 571 3473 adhibuerit
594 3406 801 3475 determinari
824 3411 936 3496 possit.

489 3510 528 3575 In
551 3511 808 3600 orthographicis
831 3513 978 3600 expressi
1001 3511 1146 3578 codicem
1170 3519 1204 3578 st
1226 3514 1384 3600 optimum
1406 3521 1440 3579 et
1461 3513 1684 3600 plenissimum
1716 3514 1899 3580 Lunensem
1923 3514 1986 3596 ita,
2008 3517 2044 3578 ut

384 3617 442 3682 ubi
464 3615 564 3681 editio
594 3616 636 3681 ab
660 3638 700 3682 eo
723 3617 849 3683 recedit
870 3617 904 3682 id
926 3617 1093 3682 adnotatio
1118 3619 1272 3683 enuntiet.
1319 3617 1450 3683 Scilicet
1471 3624 1507 3682 ut
1529 3619 1563 3682 in
1585 3619 1755 3684 sententiis
1776 3619 1823 3683 ita
1845 3619 1878 3682 in
1901 3616 2043 3683 vocabu-

385 3721 425 3784 lis
447 3719 605 3786 barharus
628 3726 742 3786 auctor
764 3721 807 3786 ad
830 3743 921 3787 suam
946 3723 1082 3787 sormam
1106 3721 1251 3786 edendus
1274 3722 1344 3805 fuit,
1370 3742 1454 3808 quae
1477 3723 1549 3809 ipsa
1571 3728 1607 3786 nt
1628 3722 1754 3787 mendis
1776 3723 1921 3809 plurimis
1938 3721 2046 3787 obsita

386 3831 446 3907 est,
468 3826 515 3890 ita
537 3826 679 3892 melioris
702 3828 819 3892 aetatis
841 3827 970 3892 residua
994 3825 1155 3913 quaedam
1178 3832 1297 3908 servat,
1321 3832 1357 3891 ut
1379 3847 1453 3891 raro
1470 3826 1708 3892 confunduntur
1729 3848 1745 3890 e
1769 3831 1803 3890 et
1825 3845 1872 3908 ae,
1895 3847 1912 3889 c
1934 3829 2044 3889 autem

387 3949 446 4016 pro
469 3933 483 3993 t
504 3949 570 3994 non
591 3931 710 4015 legitur
733 3933 794 3997 uisi
816 3953 879 3997 uno
903 3932 973 3997 loco
998 3931 1065 4017 (78,
1081 3957 1105 3998 n
1130 3931 1278 4012 ursatio).
1323 3930 1397 3996 Hoc
1421 3929 1611 4014 videndum,
1642 3937 1765 4013 utmm,
1795 3935 1831 3995 ut
1852 3934 1989 4016 apparet
2012 3933 2046 3992 et

385 4035 419 4099 in
444 4035 582 4099 Lunensi
604 4034 686 4100 libro
710 4037 799 4102 etin
821 4037 892 4101 aliis
915 4037 1148 4122 antiquioribus
1171 4033 1221 4120 (ut
1246 4038 1295 4117 16,
1310 4033 1338 4119 ι)
1369 4035 1561 4122 quibusdam
1584 4037 1678 4114 locis,
1702 4035 1850 4100 librarius
1870 4053 1990 4115 ponae
2012 4037 2046 4096 et

387 4139 502 4204 similia
518 4138 645 4204 dederit
660 4160 719 4226 pro
738 4147 868 4221 penna
890 4142 998 4206 littera
1019 4140 1108 4205 finali
1131 4139 1250 4204 extrita
1272 4138 1449 4204 secundum
1473 4138 1738 4205 consuetudinem
1755 4139 1872 4203 Italam
1895 4158 1937 4202 an
1960 4135 2045 4201 male

388 4241 568 4309 conhrderit
595 4242 786 4307 infinitivum
815 4265 887 4308 oum
916 4245 1026 4308 formis
1057 4249 1255 4330 temporum
1286 4243 1403 4308 similia
1434 4241 1601 4307 adnotavit
1625 4242 1735 4308 Siclrel
1761 4243 1795 4306 in
1816 4242 1898 4306 libro
1921 4239 2045 4304 Diuruo

387 4347 489 4434 praef.
511 4368 544 4433 p.
560 4344 750 4411 LXXXIII.
784 4383 818 4394 -
852 4345 1076 4435 Antiquissimi
1106 4347 1249 4412 omnium
1277 4347 1474 4432 exemplaris
1503 4345 1711 4432 NeapoIItani
1743 4345 2047 4432 orthographicis'a

387 4452 517 4517 Pertzio
546 4451 661 4516 sedulo
692 4451 830 4516 enotatis
859 4457 1051 4537 apparatum
1085 4471 1221 4516 onerare
1250 4451 1339 4514 nolui
1374 4450 1520 4536 exceptis
1549 4451 1671 4516 seilicet
1699 4449 1882 4516 nominibus
1909 4449 2047 4535 propriis

389 4558 524 4642 aliisque
550 4555 694 4630 selectim
722 4557 848 4640 reliqua
877 4556 1073 4642 (suppressis
1096 4563 1207 4621 nmen
1230 4554 1300 4620 fere
1323 4555 1467 4620 locorum
1500 4553 1773 4641 adlegationibus)
1795 4555 1879 4620 infra
1901 4554 2046 4641 apposui,

389 4661 540 4749 quoniam
563 4659 671 4724 facere
695 4666 829 4746 possunt
851 4660 894 4725 ad
917 4659 1065 4725 codicum
1088 4659 1226 4725 aliomm
1248 4662 1375 4724 aetates
1401 4664 1434 4723 ct
1456 4658 1597 4744 origines
1615 4659 1840 4746 exquirendas.
1884 4657 1924 4722 In
1946 4677 2046 4743 appa·

388 4772 495 4832 ratum
518 4785 602 4850 quae
625 4770 760 4851 recepta
781 4769 855 4828 sunt
877 4765 1033 4850 ploraque
1056 4763 1212 4830 hocloco
1235 4783 1301 4828 non
1322 4769 1524 4849 repetuntur.

494 4890 535 4934 ae
557 4873 587 4933 et
609 4872 862 4950 epermntatae:

546 4993 586 5037 aa
603 4992 665 5053 pro
688 4993 722 5036 e:
745 4971 782 5036 in
803 4972 1023 5036 terminatione
1045 4971 1253 5037 ahbtioornm
1277 4976 1307 5036 et
1328 4971 1545 5036 moerorem
1568 4970 1756 5055 relegiouae
1780 5005 1820 5016 -
1843 4967 2049 5034 Haebraicae

598 5114 639 5123 -
657 5075 804 5141 Latinae.
850 5075 1025 5140 Praetereo
1048 5075 1285 5162 compraehinsi
1301 5113 1340 5122 -
1358 5074 1573 5161 depraecetur
1593 5111 1636 5122 -
1659 5073 1867 5138 Haebraicae
1890 5109 1930 5120 —
1953 5092 2049 5159 prae·

598 5200 709 5245 camur
732 5219 773 5228 -
796 5180 989 5268 praesbyter
1008 5179 1102 5246 semel
1123 5179 1321 5262 (ρῑενιιιιιᾳιιε
1343 5179 1538 5262 compendio)
1561 5217 1602 5226 -
1624 5179 1794 5264 praetios.

547 5305 565 5350 e
583 5305 646 5366 pro
668 5307 708 5350 ae
731 5284 825 5371 (reete
837 5284 962 5351 Nicaea
978 5323 1017 5332 -
1033 5286 1216 5372 paeniteat·
1234 5323 1275 5333 -
1291 5284 1449 5365 saeoul·):
1474 5281 1670 5347 adherentes
1693 5317 1737 5330 -
1761 5301 1856 5346 ereas
1870 5279 1918 5344 vot
1931 5280 2050 5345 herens

594 5388 778 5470 pierumque
805 5390 918 5469 (hersa
946 5410 1024 5454 corr.
1053 5391 1091 5454 tn
1120 5409 1218 5455 aerea
1242 5389 1338 5473 71,1)
1372 5424 1412 5436 -
1444 5387 1757 5470 extimatio(88,1s;
1785 5385 1835 5450 na
1863 5383 1923 5448 hoe
1948 5387 2051 5448 aetate

599 5491 733 5572 amfleat
754 5491 851 5558 sobre
872 5491 1025 5558 oocwnto
1047 5494 1219 5557 aestimare
1242 5496 1273 5557 et
1295 5491 1482 5556 existimare
1505 5491 1630 5555 monutt
1656 5489 1817 5555 Troubs'as
1838 5487 2050 5554 tenuasse

600 5596 665 5660 dor.
683 5617 721 5677 p.
737 5597 814 5682 513)
838 5635 880 5644 -
904 5579 1028 5662 Grecos
1051 5601 1229 5662 constanter
1249 5596 1316 5679 fere
1332 5593 1499 5678 (Graecias
1516 5597 1546 5677 7,
1563 5595 1602 5678 ιι)
1625 5630 1667 5640 -
1690 5592 1853 5658 hereticus
1873 5596 2053 5657 conswnter

600 5737 641 5747 -
664 5699 827 5766 Manichei
850 5739 891 5749 -
913 5701 1008 5767 labus
1030 5704 1220 5766 cusatenter.
