4538 6420
1085 419 1369 478 Paotneorterm.

545 602 583 668 cl.
607 600 658 666 ΙΠ
682 599 828 666 codicum
851 598 1050 666 Pontifioalis
1074 599 1182 686 (ΕΙΟ3
1206 605 1239 666 ot
1262 619 1281 663 a
1303 598 1407 685 prima
1429 599 1587 685 scriptura
1601 595 1662 680 E1)
1685 596 1717 661 in
1739 595 1851 684 spatiis
1871 599 1897 660 t.
1916 598 1946 660 2.
1963 597 2064 660 5-8,

612 707 746 769 10-12.
772 707 908 771 17-25.
932 707 1072 772 28-30.
1096 707 1136 771 33
1166 723 1318 770 numeros
1344 700 1536 768 Liberianos
1567 703 1619 768 vel
1653 707 1741 766 certe
1776 701 1913 786 vestigia
1947 719 2065 764 eorum

609 809 758 874 servavit.

546 913 582 978 F
605 913 711 1000 spatia
726 911 902 977 Liberiana
918 918 1007 978 certa
1023 912 1076 992 (cl.
1088 909 1145 998 21)
1161 931 1226 977 non
1241 910 1342 976 habet
1357 912 1504 998 exceptis
1520 908 1645 976 duobus
1661 911 1822 998 episcopis
1836 911 1995 976 Anaoleto
2011 910 2063 997 (5)

606 1018 638 1082 ἱιι
670 1015 780 1082 Indice
811 1016 929 1080 omisso
962 1021 995 1080 et
1022 1014 1171 1080 Miltiade
1195 1013 1279 1102 (33),
1315 1017 1365 1080 cui
1396 1015 1483 1102 quod
1517 1014 1635 1080 Indicis
1671 1015 1872 1102 exemplaria
1904 1015 2063 1103 pleraque

607 1121 752 1186 tribuunt
775 1118 914 1205 spatium
937 1117 1058 1184 nudum
1080 1139 1110 1186 a.
1127 1119 1208 1203 IIII,
1231 1120 1305 1184 huic
1329 1119 1535 1206 epitomatori
1559 1119 1688 1184 videtur
1711 1119 1922 1206 displicuisse.

547 1226 586 1290 cl.
609 1224 626 1289 I
650 1231 684 1289 et
706 1224 740 1289 Il
764 1222 910 1289 codicum
927 1222 1125 1290 Pontificalis
1148 1225 1295 1290 similiter
1317 1245 1336 1288 a
1359 1225 1501 1290 numeris
1517 1223 1700 1289 Liberianis
1723 1225 1887 1290 abstinent
1911 1227 2062 1312 exceptis

609 1328 736 1394 duobus
760 1327 921 1416 episcopis
937 1326 1093 1394 Marcello
1110 1327 1181 1415 (31)
1204 1329 1236 1392 in
1252 1326 1364 1393 Indice
1389 1329 1507 1394 omisso
1531 1333 1565 1392 et
1587 1328 1790 1414 aliquatenus
1805 1327 1952 1394 Miltiade
1970 1327 2062 1414 (33);

610 1432 733 1498 seilicet
761 1433 793 1496 in
825 1432 887 1496 hoc
918 1431 957 1496 cl.
979 1431 996 1496 Ι
1018 1437 1054 1496 ut
1081 1431 1223 1518 epitome
1246 1431 1282 1496 F
1304 1431 1424 1497 retinet
1453 1431 1593 1517 spatium
1615 1431 1839 1515 liberianum,
1868 1432 1908 1498 cl.
1925 1431 1960 1496 II
1983 1432 2062 1498 lacit

611 1557 683 1602 cum
707 1534 830 1602 Indice.

505 1657 652 1722 Iudicem
677 1677 695 1722 e
719 1657 879 1722 contrario
903 1656 1102 1723 Pontifioalis
1125 1657 1269 1744 sequitur
1290 1657 1323 1722 iu
1346 1655 1411 1722 his:

513 1768 537 1828 l.
567 1762 606 1825 In
630 1761 725 1828 Oleto
758 1767 792 1828 et
814 1759 985 1826 Clemente
1009 1758 1210 1844 ordinandis,
1240 1767 1276 1825 ιιι
1303 1781 1401 1847 supra
1428 1759 1582 1844 vidimus,
1612 1761 1684 1826 libri
1708 1761 1906 1828 Pontificalis
1937 1761 2061 1850 primus

401 1873 517 1932 auctor
538 1865 683 1932 Indidem
708 1873 837 1931 secutus
861 1873 921 1948 est,
945 1886 1051 1952 neque
1075 1865 1108 1930 id
1131 1872 1337 1931 mutaverunt
1360 1865 1413 1952 qui
1438 1886 1512 1930 cum
1534 1873 1650 1952 postea
1672 1873 1916 1934 recensuerunt.

507 1975 537 2036 2.
561 1971 655 2036 Pium
680 1976 713 2035 et
736 1971 911 2036 Anicetum
936 1978 1033 2036 antea
1055 1971 1183 2036 inverso
1208 1969 1319 2036 ordine
1350 1969 1472 2058 positos
1498 1969 1540 2035 ad
1563 1969 1707 2036 Iudicem
1731 1969 1890 2036 ordinavit
1912 1971 2061 2036 recensio

405 2095 455 2158 ea,
479 2095 498 2139 a
521 2095 585 2161 qua
608 2073 753 2162 pendent
776 2075 849 2141 libri
873 2077 913 2140 cl.
939 2074 964 2141 Ι.
981 2074 1027 2141 ΙΙ.

506 2181 536 2246 3.
559 2178 655 2244 Felix
670 2177 704 2243 II
722 2181 792 2265 (38)
810 2198 852 2244 ex
867 2177 979 2244 Indice
995 2179 1028 2243 in
1050 2178 1167 2244 librum
1183 2177 1408 2244 Pontificalem
1431 2177 1473 2242 ab
1493 2179 1564 2264 ipso
1588 2177 1657 2243 eius
1680 2184 1811 2243 auctore
1832 2179 1935 2264 primo
1955 2184 2060 2244 trans·

402 2282 486 2346 latus
517 2287 581 2365 est,
612 2303 684 2347 cum
714 2282 916 2369 exemplaria
943 2283 1051 2346 omnia
1078 2288 1145 2346 tam
1175 2281 1353 2367 epitomate
1375 2302 1472 2368 qnam
1495 2281 1593 2368 plena
1616 2301 1689 2346 eum
1712 2281 1867 2347 habeant.
1913 2281 2062 2369 Spatium

404 2386 557 2472 exempla
586 2384 706 2452 Indicis
737 2388 888 2453 omittunt
916 2393 1006 2452 reete
1035 2387 1182 2470 omnino,
1212 2386 1380 2473 quoniam,
1410 2393 1448 2451 ιιι
1473 2387 1543 2474 ipse
1574 2385 1657 2452 liber
1684 2386 1880 2451 Pontifioalis
1904 2387 1948 2474 (p.
1967 2391 2018 2468 79,
2034 2387 2061 2474 a)

402 2491 458 2574 ait,
481 2489 515 2556 id
538 2490 824 2578 comprehenditur
842 2491 947 2578 spatio
965 2491 1060 2556 simul
1075 2489 1218 2557 sedentis
1235 2489 1380 2577 episcopi
1396 2489 1527 2559 Liberii.
1575 2488 1642 2554 Sed
1664 2489 1696 2554 in
1711 2489 1895 2556 Pantilioali
1918 2497 1953 2556 ιιι
1976 2511 2061 2578 quae

403 2593 445 2658 de
475 2594 565 2660 obitu
595 2595 664 2660 eius
693 2603 864 2661 narrantur
890 2597 1030 2684 pessime
1061 2595 1192 2661 turbata
1220 2600 1293 2661 sunt
1324 2601 1357 2660 et
1380 2594 1619 2683 quodammodo
1651 2593 1827 2681 duplicata,
1855 2596 1901 2660 ita
1923 2596 2062 2682 spatium

403 2719 534 2786 quoque
558 2699 589 2765 ei
612 2699 814 2782 adscribitur,
837 2721 902 2765 non
925 2698 1012 2766 idem
1037 2707 1144 2766 tamen
1168 2701 1201 2765 in
1223 2700 1313 2765 libris
1328 2699 1492 2776 omnibua;
1516 2699 1638 2764 seilicet
1661 2700 1802 2786 epitome
1819 2697 2007 2765 Oenoniana
2030 2705 2064 2764 et

403 2802 476 2868 ol.I
507 2809 541 2868 et
566 2802 601 2868 II
628 2803 700 2868 libri
727 2803 926 2871 Pontificalis
961 2805 1030 2870 lere
1068 2805 1305 2870 consentientia
1336 2805 1367 2869 ei
1396 2803 1540 2869 tribuunt
1569 2825 1598 2869 a.
1623 2802 1639 2867 I
1669 2825 1710 2868 m.
1735 2803 1788 2867 ΙΙΙ
1815 2802 1845 2868 d.
1868 2803 1918 2880 II;
1952 2804 1991 2870 ol.
2012 2802 2065 2869 III

403 2927 432 2971 a.
450 2905 467 2970 Ι
493 2928 535 2972 m.
552 2906 596 2990 ΙΙ,
618 2905 785 2973 Feliciana
802 2909 944 2995 epitome
968 2928 997 2973 a.
1014 2907 1076 2992 ΙΙΙ,
1092 2928 1177 2995 quae
1201 2907 1425 2973 commenticia
1441 2927 1512 2972 esse
1530 2911 1667 2994 apparet
1683 2907 1790 2971 omnia
1813 2913 1847 2973 et
1868 2906 1998 2972 adiecta
2020 2907 2063 2972 ad

403 3009 527 3076 hiatum
551 3009 758 3097 expleudum.
805 3011 930 3076 Primus
946 3011 1145 3078 Pontificalis
1169 3017 1281 3076 auctor
1302 3015 1409 3076 utrum
1426 3031 1577 3076 numeros
1595 3031 1651 3076 eos
1667 3011 1812 3098 posuerit
1835 3033 1916 3098 quos
1939 3011 2063 3077 habent

405 3114 479 3180 libri
494 3113 595 3178 ΚΑΒ
612 3135 733 3202 eosque
755 3115 788 3180 in
803 3113 872 3180 EF
890 3115 1090 3202 corruperint
1105 3115 1227 3181 librarii
1250 3135 1291 3179 an
1314 3115 1454 3202 spatium
1476 3114 1518 3181 ab
1541 3115 1611 3202 ipso
1635 3136 1700 3182 non
1722 3113 1884 3182 adiectum
1914 3116 2062 3182 diasceu-

406 3224 499 3284 astae
522 3219 719 3306 posteriores
744 3217 873 3286 diversa
895 3221 1020 3286 ratione
1044 3219 1259 3307 expleverint,
1283 3240 1348 3284 nou
1371 3218 1498 3285 definio.

510 3328 541 3392 4.
564 3322 679 3410 Spatia
702 3323 745 3388 ad
768 3323 913 3390 Iudicem
937 3325 1111 3391 constituta
1133 3323 1339 3411 reperiuntur
1360 3324 1457 3390 haec:

555 3427 595 3492 K
616 3427 650 3492 in
673 3427 833 3516 episeopis
850 3432 878 3496 7.
896 3431 925 3495 8.
943 3431 973 3498 9.
994 3431 1042 3497 13.
1063 3433 1110 3494 15.
1130 3433 1178 3494 16.
1201 3432 1248 3496 19.
1266 3430 1318 3494 20.
1338 3432 1390 3496 24.
1414 3431 1465 3492 25.
1490 3431 1541 3494 27.
1566 3430 1617 3495 28.
1642 3430 1693 3492 29.
1718 3431 1768 3495 32.
1794 3431 1845 3495 33.
1870 3431 1922 3496 34.
1947 3431 1998 3494 35.
2023 3430 2063 3494 36

614 3552 766 3597 numeros
788 3539 845 3599 aut
869 3553 981 3598 omnes
1004 3539 1060 3598 aut
1083 3553 1125 3598 ex
1148 3539 1240 3620 parte
1265 3531 1307 3598 ad
1321 3532 1467 3598 Iudicem
1483 3531 1628 3614 exhibet,
1652 3530 1711 3596 sed
1733 3533 1789 3615 ita,
1811 3539 1848 3598 ut
1869 3535 1926 3599 ubi
1949 3554 2061 3600 exem-

615 3637 719 3723 plaria
731 3637 868 3720 variant,
885 3643 1039 3724 sequatur
1051 3637 1120 3702 lere
1137 3637 1293 3702 familiam
1306 3636 1521 3724 antiquiorem
1537 3640 1571 3700 et
1586 3636 1777 3724 plerumque
1793 3638 1954 3724 puriorem
1972 3636 2018 3724 (u.
2034 3641 2062 3702 7.

620 3743 731 3807 1315.
751 3743 799 3806 16.
815 3743 867 3807 24.
881 3743 944 3824 27).
969 3741 1173 3808 Contrarium
1190 3761 1262 3807 raro
1279 3741 1397 3824 evenit,
1412 3747 1449 3806 ut
1463 3741 1497 3804 in
1512 3738 1655 3804 Eusebio
1672 3739 1713 3824 (o.
1727 3739 1798 3824 32);
1815 3739 1874 3806 sed
1889 3761 1961 3807 oum
1973 3740 2062 3808 Indi-

616 3843 661 3910 ois
675 3847 877 3934 exemplaria
891 3849 1013 3934 passim
1029 3848 1209 3934 divergant,
1227 3845 1442 3934 singularibus
1457 3846 1489 3912 in
1505 3846 1563 3910 tali
1578 3865 1613 3910 re
1626 3865 1690 3910 non
1702 3851 1753 3911 est
1763 3845 2059 3912 obsecundandum.

561 3947 598 4012 F
615 3955 649 4014 et
665 3949 704 4014 cl.
720 3949 746 4015 l.
764 3951 800 4017 II
815 3957 850 4016 ut
865 3973 963 4040 supra
978 3951 1115 4018 vidimus
1130 3952 1163 4017 in
1179 3953 1290 4039 spatiis
1306 3957 1491 4017 constanter
1506 3955 1683 4037 sequuntur
1703 3949 1848 4016 indicam
1870 3951 1973 4016 tribus
1996 3950 2065 4037 epi-

615 4053 721 4140 scopis
749 4057 897 4142 exceptis
921 4054 1082 4122 Anaoleto
1106 4055 1157 4142 (5)
1190 4062 1224 4122 et
1249 4056 1404 4122 Marcello
1429 4053 1499 4141 (30)
1530 4059 1644 4140 utpote
1672 4053 1706 4117 in
1733 4052 1844 4119 Indice
1875 4055 1999 4150 omissis
2031 4059 2066 4118 et

618 4156 823 4244 aliquatenus
846 4159 993 4226 Miltiade
1016 4159 1089 4248 (33)
1118 4167 1231 4247 utpote
1265 4161 1298 4225 in
1330 4159 1441 4226 Indice
1476 4180 1577 4224 annos
1611 4158 1697 4224 solos
1732 4159 1885 4226 habente.
1940 4159 1979 4226 In
2016 4158 2066 4224 his

618 4267 778 4346 quatenus
800 4264 907 4350 spatia
928 4264 1104 4330 Liberiana
1127 4266 1229 4330 secuti
1253 4265 1325 4348 sint,
1346 4284 1446 4352 supra
1468 4261 1706 4338 adnotavimus;
1729 4268 1903 4349 praeterea
1924 4264 1959 4329 F
1978 4262 2065 4329 Mar-

618 4367 700 4432 cello
732 4368 844 4434 tribuit
873 4369 1013 4456 spatium
1041 4375 1165 4435 temere
1194 4370 1429 4456 excogitatum,
1458 4367 1657 4433 Pontifioalis
1683 4367 1762 4434 cll
1794 4373 1828 4432 et
1849 4367 1884 4432 ΙΙ
1906 4365 2065 4436 Anaoleto

618 4471 759 4556 spatium
783 4472 963 4539 decessoris
980 4473 1158 4540 Clementis
1174 4481 1299 4540 temere
1314 4475 1498 4561 repetitum.
1536 4469 1695 4537 Adhibuit
1710 4477 1821 4537 autem
1837 4477 1904 4538 tam
1927 4474 2065 4562 scriptor

617 4574 691 4640 libri
715 4577 785 4644 eius
808 4599 827 4644 a
850 4599 913 4665 quo
937 4578 1060 4666 pendet
1075 4580 1218 4666 epitome
1234 4579 1269 4644 F
1288 4599 1385 4664 quam
1408 4577 1463 4664 qui
1483 4575 1609 4661 scripsit
1627 4576 1863 4662 exemplarium
1887 4577 1960 4645 ol.I
1983 4584 2017 4642 et
2033 4578 2068 4643 ΙΙ

618 4680 843 4771 archetypum,
866 4691 902 4749 ut
923 4690 1012 4750 recte
1037 4684 1221 4750 observavit
1236 4683 1441 4748 Duchesnius
1465 4683 1509 4767 (p.
1526 4678 1700 4768 LXXIX),
1722 4679 1841 4745 Indicis
1866 4682 2067 4770 exemplaria

618 4785 751 4851 minime
774 4787 888 4874 proba,
911 4788 1034 4853 seilicet
1055 4789 1135 4853 talia
1157 4787 1237 4872 iere,
1261 4787 1369 4873 qualia
1391 4791 1465 4851 sunt
1479 4784 1659 4872 Albigense
1683 4783 1729 4872 (n.
1746 4785 1778 4871 7)
1804 4783 2001 4874 descriptum
2026 4807 2069 4852 ex

617 4890 730 4957 codice
747 4894 866 4981 scripto
883 4915 911 4960 a.
929 4897 991 4960 673
1016 4899 1050 4958 et
1064 4892 1344 4980 Fredegarianum
1369 4891 1413 4975 (n.
1430 4889 1465 4979 8)
1488 4891 1566 4956 item
1582 4891 1703 4958 saeculi
1718 4889 1786 4956 VII
1809 4891 1959 4957 exeuntis
1977 4891 2067 4976 (vide

619 5014 703 5079 quae
727 5017 825 5082 supra
847 4996 986 5062 diximus
1010 4995 1050 5063 de
1067 4997 1131 5085 K).
1182 4997 1264 5063 Inde
1293 4997 1498 5064 confirmatur
1526 4996 1614 5083 quod
1644 5015 1742 5082 supra
1774 4995 1938 5082 posuimus
1961 5017 2068 5084 neque

619 5097 818 5166 Pontifioalis
843 5099 1018 5166 editionem
1041 5102 1178 5169 alteram
1203 5103 1256 5185 (ci.
1274 5123 1305 5188 p.
1321 5101 1436 5186 XVII)
1465 5121 1572 5188 neque
1595 5100 1794 5166 Felicionem
1823 5101 1990 5187 epitomen
2014 5101 2069 5186 (cl.

620 5224 651 5289 p.
668 5203 761 5286 XIV)
786 5225 825 5270 eo
841 5210 937 5288 statu,
961 5227 1024 5292 quo
1046 5227 1105 5271 nos
1129 5227 1202 5272 eam
1224 5206 1393 5289 habemus,
1416 5206 1574 5293 prodiisse
1599 5212 1674 5272 ante
1698 5206 1862 5270 saeculum
1884 5207 2069 5293 septimum.

620 5305 795 5393 Epitomen
828 5307 1027 5374 FelIeianam
1058 5311 1112 5396 qni
1137 5311 1184 5375 ita
1209 5311 1419 5398 interpolavit
1445 5311 1558 5398 quaeri
1588 5310 1721 5398 poterit,
1750 5315 1856 5375 utrum
1887 5308 2071 5376 adbibuerit

623 5410 743 5476 Indicis
761 5411 893 5499 aliquod
909 5415 1095 5500 exemplum
1110 5436 1151 5480 an
1167 5415 1320 5482 editionis
1335 5417 1532 5503 posterioris,
1550 5437 1647 5503 quam
1670 5415 1701 5479 ei
1722 5435 1788 5481 non
1810 5415 1954 5501 ignotam
1970 5417 2069 5480 luisse

623 5514 706 5580 inira
728 5516 920 5583 videbimus.
967 5519 1034 5584 Sed
1057 5521 1159 5606 magis
1183 5521 1329 5587 Indioem
1352 5522 1545 5610 adsumpsit,
1569 5521 1657 5586 cuius
1680 5518 1846 5584 abundant
1868 5521 2070 5606 exemplaria

620 5621 762 5685 maxime
776 5620 1030 5708 Fredegariana,
1054 5625 1205 5710 quoniam
1230 5626 1324 5691 alteri
1347 5627 1489 5714 opinioni
1512 5625 1642 5690 obstant
1664 5644 1748 5710 quae
1765 5623 1862 5690 modo
1886 5626 2070 5691 rettulimus

621 5724 727 5812 spatia
748 5724 899 5791 Anaoleti
922 5733 956 5792 et
978 5726 1157 5793 Marcellini
1180 5750 1200 5793 a
1221 5729 1310 5797 libris
1334 5731 1372 5796 cl.
1396 5730 1423 5796 Ι.
1447 5730 1481 5796 II
1505 5728 1704 5795 recedentia.
