4538 6420
367 457 431 512 XVI
1055 457 1341 515 Paotseoltsna

365 630 506 697 Romani
531 638 564 698 et
586 633 803 696 narrationem
826 632 900 697 libri
927 635 958 696 in
982 634 1064 718 glor.
1087 641 1179 697 mart.
1206 655 1232 697 c.
1251 637 1291 700 39
1322 632 1363 697 de
1388 631 1531 697 Iohanne
1556 633 1568 696 I
1595 639 1755 718 sumptam
1784 653 1855 698 esec
1879 655 1921 698 ex
1944 634 2025 720 ipso.

366 735 412 800 At
435 736 608 800 similitudo
631 736 688 800 illa
708 757 773 800 non
796 737 880 800 ultra
903 739 1052 822 pervenit
1074 757 1170 822 quam
1193 737 1364 822 pervenire
1389 735 1502 801 debuit
1524 743 1658 822 propter
1673 737 1855 822 argumenti
1877 737 2024 801 similitu-

368 837 490 912 dinem;
520 859 640 904 cessare
662 839 875 920 episcopatum
903 859 967 904 non
990 847 1040 904 cst
1067 841 1187 905 locutio
1210 840 1357 926 scriptori
1378 839 1425 904 illi
1447 841 1594 925 propria,
1630 839 1689 904 sed
1711 841 1858 926 legitima
1880 844 1914 904 et
1936 859 2024 904 com-

366 943 471 1008 munis
493 944 546 1024 (cf.
564 943 738 1009 Suetonius
755 941 848 1008 Gaas.
867 947 921 1009 76:
946 944 1085 1010 coecis
1107 951 1205 1010 morte
1227 951 1398 1010 cessantem
1418 944 1579 1030 hoamen)
1596 965 1656 1010 nec
1672 943 1798 1026 desunt,
1823 964 1907 1031 quae
1931 943 2024 1008 diffe-

367 1053 455 1131 rant,
484 1052 520 1111 ut
542 1049 647 1134 spatia
670 1049 875 1135 episcopatus
899 1049 931 1112 in
953 1048 1135 1115 Pontifioali
1153 1051 1185 1114 in
1209 1049 1364 1136 principio
1388 1051 1525 1114 vitarum
1550 1050 1731 1128 enuntiata,
1755 1047 1842 1134 apud
1864 1047 2024 1113 Francum

367 1159 442 1216 ante
466 1153 674 1238 sepulturam.
711 1150 862 1218 Narratio
886 1158 995 1217 autem
1018 1152 1059 1218 de
1082 1153 1227 1218 Iohanne
1251 1153 1281 1234 I,
1312 1175 1407 1239 quem
1431 1174 1489 1218 suo
1512 1155 1585 1218 loco
1609 1155 1654 1239 (p.
1679 1151 1752 1234 133)
1768 1153 1913 1238 apposui,
1937 1153 2026 1218 venit

368 1257 496 1320 omnino
521 1255 563 1320 ad
591 1263 762 1342 utrumque
790 1257 979 1342 scriptorem
1009 1277 1050 1320 ex
1082 1265 1213 1322 auctore
1244 1256 1375 1337 eodem,
1407 1257 1466 1322 sed
1494 1263 1608 1321 auctor
1634 1257 1703 1322 sinc
1727 1255 1824 1320 dubio
1849 1263 1899 1320 est
1920 1257 1948 1320 is
1972 1257 2025 1343 qui

367 1361 492 1447 scripsit
521 1360 671 1425 chronica
698 1360 830 1442 Italica,
864 1360 951 1448 apud
980 1381 1076 1447 quem
1105 1363 1205 1428 verba
1234 1381 1305 1426 cam
1336 1360 1406 1426 dolo
1432 1367 1499 1426 tam
1527 1360 1614 1446 apud
1644 1360 1836 1446 Gregorium
1867 1381 1963 1446 quem
1993 1361 2026 1424 in

367 1462 551 1528 Pontificali
574 1470 728 1550 usurpata
750 1465 872 1550 pariter
888 1467 1101 1551 reperiuntur.
1138 1465 1290 1553 Denique
1306 1465 1483 1551 Gregorius
1507 1487 1579 1531 cum
1603 1472 1703 1551 neget
1724 1465 1806 1530 haec
1828 1484 1862 1530 se
1885 1485 1926 1528 ex
1942 1465 2025 1530 libro

367 1568 486 1654 scripto
520 1570 692 1654 sumpsisse
720 1567 829 1648 (malti
855 1569 981 1650 quidem
1008 1575 1085 1636 caat
1107 1577 1262 1654 mamyree
1289 1569 1380 1654 apud
1401 1571 1508 1634 arbem
1532 1569 1681 1647 Ronmm,
1709 1589 1844 1651 qaorum
1874 1569 2026 1634 historiae

363 1671 551 1752 paenorum
566 1671 657 1736 achis
679 1672 818 1752 integrae
840 1692 904 1735 aaa
925 1679 1001 1736 suat
1023 1673 1159 1738 delatam
1183 1675 1221 1738 dc
1236 1673 1380 1739 Iobaaac
1403 1678 1507 1738 tamea
1522 1675 1672 1755 cprhcopo,
1695 1673 1845 1754 quoniam
1861 1691 1943 1754 ayorr
1957 1673 2026 1737 cias

367 1777 412 1840 ad
433 1797 490 1840 aas
512 1797 611 1857 usquc
632 1797 696 1840 aon
718 1777 849 1840 occasa
869 1777 1022 1856 scriptus,
1045 1799 1126 1859 quac
1147 1799 1170 1841 a
1190 1777 1337 1858 fidelibus
1359 1779 1507 1858 comperi,
1531 1782 1632 1842 tacere
1653 1775 1805 1860 requici),
1834 1797 1947 1864 parum
1976 1777 2025 1840 in·

369 1881 501 1965 tcllego,
524 1899 585 1944 nec
606 1880 710 1964 magis
732 1880 963 1976 intellexerunt
979 1879 1139 1945 Waitzius
1160 1881 1270 1964 (acuas
1284 1881 1406 1946 Archiv
1424 1885 1472 1961 lt,
1491 1879 1569 1966 ⁸229)
1592 1887 1626 1944 et
1649 1880 1827 1946 Kruschius
1850 1879 1908 1966 (ad
1932 1881 1962 1944 h.
1980 1882 2025 1960 l),

369 1983 532 2071 quomodo
555 1984 617 2049 hoo
640 1986 712 2049 loco
736 1983 941 2050 Duchesnius
963 1984 1009 2049 uti
1038 1985 1178 2071 potuerit
1201 1984 1243 2049 ad
1267 1985 1479 2050 evincendum
1508 1986 1712 2051 contractum.
1759 1983 1897 2049 Omnino
1921 1983 2026 2050 fidelis

367 2087 405 2162 is,
430 2087 483 2172 qui
499 2086 658 2173 Gregorio
675 2089 757 2154 haec
772 2089 925 2169 narravit,
942 2090 1092 2154 chronica
1107 2089 1171 2168 illa,
1195 2109 1330 2176 quorum
1348 2097 1520 2177 practerea
1537 2088 1625 2177 apud
1642 2089 1837 2176 Gregorium
1853 2089 2024 2175 vestigium

368 2211 431 2255 non
458 2193 633 2277 reperitur,
665 2191 751 2258 domi
783 2193 925 2280 legerat,
960 2201 994 2258 et
1021 2214 1100 2280 prae
1128 2213 1163 2258 se
1192 2194 1256 2259 fert
1282 2195 1397 2260 relatio
1426 2194 1630 2280 Gregoriene
1659 2193 1817 2258 eiusmodi
1846 2191 2026 2258 traditionis

368 2294 486 2359 indicia
509 2302 611 2360 certa:
636 2299 895 2382 persecutionem
916 2295 1110 2362 Asianorum
1133 2298 1164 2363 in
1188 2297 1370 2363 Pontificeli
1394 2298 1546 2362 tributam
1570 2297 1694 2362 Iustino
1718 2297 1915 2384 imperatori,
1939 2295 2026 2384 apud

368 2398 561 2484 Gregorium
591 2420 697 2485 papae
726 2400 876 2483 Iohanni,
906 2399 1105 2486 gladiatores
1127 2403 1241 2466 missos
1264 2423 1284 2466 a
1306 2401 1509 2467 Theoderico
1542 2401 1583 2466 ad
1612 2402 1787 2466 catholicos
1817 2421 1876 2488 pcr
1897 2400 2025 2465 Italiam

370 2503 641 2587 exterminandos,
665 2505 729 2568 alia
752 2505 878 2569 similia.

473 2612 650 2700 Gregorius
672 2613 689 2680 Ι
712 2616 882 2702 episcopus
905 2617 974 2703 ipsc
990 2613 1158 2682 Romanus
1176 2615 1209 2696 (†
1225 2617 1303 2702 604)
1319 2639 1436 2704 corpus
1450 2619 1598 2700 vitarum,
1625 2619 1651 2683 si
1675 2639 1714 2684 eo
1738 2625 1885 2704 tempore
1909 2618 2026 2698 extitit,

368 2715 494 2780 noverit
520 2737 654 2782 necesse
685 2725 744 2783 cst.
789 2719 946 2784 Attamen
973 2740 1037 2784 non
1066 2721 1169 2785 solum
1199 2721 1286 2786 nullo
1317 2723 1388 2786 loco
1419 2721 1460 2786 ad
1484 2722 1517 2786 id
1540 2723 1689 2809 respicit,
1713 2722 1874 2805 seduno,
1898 2721 1939 2786 de
1963 2743 2026 2809 quo

368 2819 451 2884 infra
475 2821 519 2907 (p.
536 2819 644 2902 XXV)
669 2823 827 2905 dicemus,
858 2823 1093 2889 ordinationum
1122 2825 1353 2912 episcopalium
1384 2824 1430 2890 ita
1462 2827 1623 2904 meminit,
1654 2833 1690 2891 ut
1719 2827 1745 2890 si
1767 2831 1862 2913 gesta
1888 2825 1919 2890 ei
1949 2830 2027 2891 nota

369 2923 514 3006 luissent,
536 2926 591 2990 vix
614 2947 654 2991 ea
676 2929 906 3014 praeteriisset.

471 3036 738 3124 Martyrologium
771 3039 1076 3126 Hieronymianum,
1111 3042 1199 3106 cuius
1233 3041 1336 3104 forma
1365 3041 1463 3106 hodie
1497 3050 1576 3106 nota
1607 3041 1691 3106 redit
1724 3041 1766 3106 ad
1797 3041 1966 3128 exemplar
1994 3041 2026 3106 in

368 3138 558 3226 Burgundio
588 3143 741 3228 scriptum
773 3165 802 3210 a.
824 3145 917 3228 carle
952 3144 1093 3230 (Krasoh
1121 3165 1216 3209 nares
1243 3145 1361 3208 Archiv
1390 3147 1447 3226 20,
1473 3149 1569 3226 439),
1605 3167 1688 3232 quae
1722 3145 1762 3210 de
1791 3143 1924 3210 Urbano
1956 3145 2025 3230 cpi-

370 3265 468 3330 sccpo
491 3244 602 3328 habet,
625 3243 829 3312 Duchesnius
852 3247 1004 3314 iudicavit
1027 3249 1184 3334 proficisci
1208 3269 1250 3312 ex
1268 3247 1374 3312 indice
1399 3250 1637 3334 sepulturarum
1661 3250 1887 3336 episcoporum
1903 3249 2025 3314 Roma·

369 3368 483 3412 norum
513 3349 740 3434 probabilitcr;
770 3351 827 3417 scd
857 3373 930 3418 eum
959 3351 1097 3418 indicem
1125 3352 1208 3417 infra
1235 3351 1416 3418 ridebimus
1445 3375 1508 3418 non
1538 3353 1746 3440 compilatum
1777 3373 1848 3418 esse
1878 3373 1920 3417 ex
1943 3352 2025 3418 libro

370 3450 561 3620 Ppntipicali,
586 3475 669 3540 quae
692 3455 868 3522 Duchesnii
891 3457 998 3544 opinio
1022 3463 1087 3538 est,
1111 3455 1171 3521 sed
1193 3477 1211 3520 e
1236 3457 1394 3522 contrario
1419 3455 1600 3522 adhibitum
1623 3456 1666 3522 ad
1688 3456 1913 3522 Pontificalem
1936 3477 2024 3522 com-

370 3577 403 3642 pr
418 3575 457 3620 an
482 3577 546 3622 nm.

472 3669 614 3734 Isidorus
636 3671 839 3758 Hispalensis
862 3671 897 3756 (†
913 3671 990 3756 636)
1013 3693 1077 3737 non
1099 3672 1203 3758 magis
1226 3671 1369 3757 corporis
1393 3672 1486 3737 huius
1509 3673 1655 3738 meminit
1682 3691 1791 3758 neque
1818 3672 1920 3738 habet
1942 3694 2025 3760 quac

370 3779 459 3838 rccte
482 3772 580 3838 adid
602 3774 791 3840 referantur.

474 3869 633 3952 Chronica
654 3888 825 3969 Francice,
855 3910 937 3976 quae
965 3889 1111 3976 adlegeri
1141 3892 1247 3955 solent
1272 3890 1331 3954 sub
1354 3889 1483 3954 nomine
1506 3887 1700 3971 Fredegari,
1724 3889 1843 3974 scripta
1867 3908 1893 3952 c.
1917 3909 1946 3953 a.
1963 3891 2026 3953 642

335 4019 337 4022 ·
369 3993 559 4057 laterculum
586 4001 778 4078 receperunt
808 3995 1032 4082 episcoporum
1061 3993 1282 4059 Romanorum
1313 4014 1384 4058 curn
1412 3993 1524 4078 spatiis
1555 3991 1621 4055 suis
1644 3989 1714 4078 (1.3
1738 4012 1765 4056 c.
1782 3989 1839 4076 24)
1861 3992 2026 4058 finientem

368 4096 402 4160 in
425 4094 597 4160 Theodoro
622 4095 821 4182 (642-649)
845 4099 950 4182 spatio
973 4099 1006 4162 in
1027 4097 1089 4163 hoc
1111 4119 1176 4162 non
1199 4098 1350 4184 expleto;
1374 4117 1492 4182 corpus
1516 4101 1660 4160 nostrum
1682 4095 1840 4180 ignorant.

474 4215 567 4280 Beda
592 4217 691 4302 Igitur
712 4217 848 4303 Anglus,
871 4223 907 4282 ut
929 4239 1027 4304 supra
1049 4217 1094 4304 (p.
1111 4217 1174 4300 XI)
1197 4219 1263 4282 iam
1288 4216 1442 4298 diximus,
1466 4217 1551 4280 Inter
1576 4221 1723 4281 auctores
1745 4215 1828 4281 libro
1851 4216 2026 4304 pontificali

371 4342 445 4386 usos
469 4320 706 4407 antiquissimus
729 4326 780 4384 est
802 4323 964 4407 excerptis
988 4321 1126 4408 copiosis
1148 4320 1223 4385 inde
1247 4321 1375 4385 insertis
1405 4321 1437 4384 in
1467 4320 1585 4384 librum
1614 4318 1655 4384 de
1684 4320 1883 4406 temporibus
1905 4320 2027 4406 publici

371 4425 448 4490 iuris
471 4425 591 4490 factum
614 4445 643 4488 a.
662 4429 723 4488 725
748 4423 923 4506 (Chronica
946 4426 1188 4490 minoranda
1212 4447 1243 4511 p.
1261 4427 1348 4510 227).

475 4544 527 4610 De
551 4544 735 4610 auctoribus
758 4545 989 4612 aPontificalis
1012 4547 1168 4634 scriptore
1192 4545 1345 4610 adhibitis
1369 4545 1494 4611 dicetur
1510 4546 1616 4631 capite
1639 4543 1797 4622 secundo;
1820 4545 1862 4610 ad
1884 4551 2027 4612 estatem

371 4650 471 4736 ipsius
495 4647 775 4715 determinandam
800 4648 864 4714 duo
887 4651 947 4714 soli
970 4650 1100 4731 faciunt,
1123 4650 1273 4715 falsarius
1297 4648 1563 4736 Symmachianus
1587 4655 1620 4714 et
1642 4647 1820 4735 Gregorius
1842 4650 1972 4738 primus.

475 4770 639 4834 Falacrins
667 4769 932 4856 Symmachianus
964 4772 1057 4836 nobis
1085 4778 1179 4837 notus
1211 4793 1270 4859 per
1295 4791 1432 4858 corpora
1463 4791 1638 4853 canonum,
1673 4776 1709 4834 ut
1742 4771 1824 4836 infra
1860 4769 1906 4858 (p.
1929 4771 2027 4858 ΧΧΙ)

311 4873 314 4880 ’
374 4875 568 4956 ridebimus,
597 4876 777 4961 composita
799 4881 908 4940 aetate
931 4875 1188 4941 Theodericiana
1211 4879 1313 4955 (certe
1340 4874 1600 4960 antiquissimum
1625 4894 1736 4940 eorum
1761 4875 1907 4962 exceptis
1931 4875 2026 4962 Sym·

372 4978 548 5044 mechianis
571 4979 620 5043 his
641 4999 705 5044 non
729 4978 830 5043 habet
849 4981 1110 5044 constitutionem
1133 5000 1161 5043 a.
1179 4983 1241 5044 494
1264 4977 1494 5064 posteriorem)
1519 4999 1592 5042 cum
1615 4985 1749 5066 propter
1771 4985 2027 5046 commentorum

373 5103 502 5148 suorum
536 5090 728 5169 argumente
762 5089 836 5148 ante
873 5082 1058 5169 Symmachi
1094 5084 1314 5170 episcopatum
1354 5085 1559 5165 (498-514)
1598 5082 1740 5148 scribere
1774 5105 1838 5148 non
1875 5085 2026 5170 potuerit,

373 5188 537 5274 scripsisse
560 5186 687 5251 videtur
709 5187 799 5250 annis
822 5187 891 5250 eius
914 5187 1035 5273 primis,
1059 5193 1297 5273 potueruntque
1321 5187 1367 5251 ita
1390 5191 1574 5252 commenta
1599 5187 1668 5251 eius
1690 5188 1826 5252 transire
1842 5188 1874 5253 in
1890 5189 2027 5254 vitarum

375 5312 510 5378 corpora
535 5291 664 5356 condIta
692 5291 821 5355 saeculo
845 5295 937 5356 sexto
961 5290 1143 5376 incipiente.
1190 5290 1256 5356 Sed
1285 5312 1357 5357 cum
1391 5291 1560 5378 probabile
1594 5291 1635 5354 sit
1664 5295 1739 5375 post
1768 5291 1899 5377 aliquod
1927 5293 2027 5358 inter·

375 5396 494 5460 vellum
522 5394 653 5461 demum
683 5415 793 5458 eorum
821 5395 1046 5460 auctoritatem
1077 5395 1122 5459 ita
1152 5397 1306 5476 crevisse,
1341 5403 1376 5460 ut
1410 5397 1442 5460 in
1477 5393 1636 5461 eiusmodi
1667 5393 1767 5458 libros
1796 5397 2027 5482 reciperentur,

375 5519 487 5564 eorum
512 5499 662 5564 admissio
685 5499 801 5563 melius
824 5499 974 5564 convenit
996 5499 1125 5563 saeculo
1150 5497 1256 5564 eidem
1281 5501 1413 5566 exeunti
1436 5501 1488 5564 vel
1511 5497 1675 5583 incipienti
1698 5499 1846 5583 septimo.

479 5620 629 5705 Gregorii
650 5620 761 5706 magni
782 5617 818 5704 (†
834 5622 911 5699 604)
935 5619 1073 5705 epistula
1096 5619 1257 5705 quaedam
1280 5619 1536 5707 suppeditavisse
1560 5617 1696 5694 videtur,
1724 5624 1761 5683 ut
1782 5619 1865 5683 intra
1888 5621 1931 5707 (p.
1947 5621 2028 5706 XX)

376 5730 567 5811 exponetur,
591 5745 675 5810 quae
698 5726 730 5788 in
752 5723 854 5809 gestis
877 5720 922 5809 (p.
938 5728 967 5806 2,
981 5724 1014 5807 5)
1037 5724 1189 5809 leguntur
1211 5725 1252 5791 dc
1275 5725 1365 5791 Petri
1388 5725 1578 5810 episcopatu
1601 5723 1815 5788 Antiocheno.
