4538 6420
390 401 465 456 XLlI
1078 398 1361 456 rhomborum.

494 575 651 664 Sequitur
680 581 873 663 conspectus
901 575 1078 662 spatiorum
1106 573 1341 662 adscriptorum
1370 575 1531 662 episcopis
1553 573 1711 640 Romanis
1733 595 1753 640 a
1776 575 1876 641 Petro
1898 575 1941 640 ad
1963 573 2052 640 con-

389 679 564 746 stantinum
596 687 662 746 tam
692 683 725 746 in
755 678 882 746 duobus
913 679 1089 760 laterculis,
1118 679 1234 766 quibus
1262 679 1335 745 libri
1357 677 1556 744 Pontilioelis
1579 687 1691 745 auctor
1713 701 1789 744 usus
1812 685 1876 762 est,
1900 699 1995 766 quam
2018 681 2053 744 in

390 786 492 871 ipsius
514 784 587 850 libri
603 783 801 850 Pontificalis
824 785 1013 849 recensione
1029 789 1177 870 utraque.
1223 783 1382 848 Tabulam
1407 805 1465 870 per
1487 785 1592 870 spatia
1608 783 1755 850 XXXVI
1778 785 1883 871 prima
1905 783 2053 870 disposui

389 888 565 974 tripertito,
588 895 625 953 nt
646 889 769 976 primus
797 887 877 954 ordo
907 887 1030 953 habeat
1056 907 1208 953 numeros
1236 887 1377 974 catalogi
1399 887 1563 954 Liberiani
1591 887 1734 970 adiecta,
1758 908 1841 974 quae
1865 887 1933 953 lere
1961 887 2053 952 nulla

390 998 456 1074 est,
485 993 573 1057 varia
601 993 742 1058 lectione
755 993 795 1076 ¹);
825 991 985 1057 secundus
1017 1012 1169 1057 numeros
1192 991 1311 1056 Indicis
1333 991 1509 1057 secundum
1534 991 1721 1074 duodecim,
1750 991 1930 1078 dequibus
1953 1012 2053 1078 supra

389 1119 422 1184 p.
435 1095 586 1162 XXVIII
592 1117 661 1183 seq.
675 1095 824 1178 diximus,
838 1095 1048 1182 exemplaria,
1061 1117 1196 1183 quornm
1209 1103 1318 1161 tamen
1333 1097 1477 1182 quintum
1493 1097 1669 1163 nonhabet
1683 1097 1743 1162 nisi
1758 1117 1859 1162 annos
1875 1103 1908 1162 et
1922 1115 2052 1160 menses

390 1199 506 1266 diebus
523 1201 778 1287 praetermissis:
802 1199 918 1264 tertius
939 1220 1090 1265 numeros
1114 1199 1187 1265 libri
1205 1200 1400 1266 Pontificalis
1416 1201 1544 1267 adiecta
1560 1203 1650 1268 saria
1672 1201 1812 1267 lectione
1836 1201 2050 1286 epitomarum

390 1303 525 1368 duarum
540 1303 612 1368 ΓΚ
630 1310 663 1368 et
677 1304 831 1370 librorum
847 1303 1013 1370 A¹.0³.R¹
1029 1303 1085 1386 (ad
1101 1303 1476 1392 1-L11).B²·³·⁴r(sd
1492 1304 1576 1387 LV).
1596 1307 1627 1370 G
1651 1305 1707 1382 (ad
1722 1304 1912 1388 XL-XO).
1931 1305 1978 1370 Εὅ
1995 1303 2050 1384 (ad

388 1407 598 1491 LXI-XO).
644 1407 731 1490 ΕΜ,
754 1415 790 1474 ut
811 1408 995 1474 reseruntur
1016 1409 1049 1473 in
1072 1407 1230 1492 editione,
1259 1407 1432 1496 adsumpta
1461 1409 1504 1474 ad
1526 1408 1678 1475 iudicium
1703 1409 1743 1474 de
1766 1408 1881 1475 horum
1904 1407 2051 1475 codicum

389 1510 498 1576 indole
521 1510 776 1577 confirmandum
798 1512 888 1578 varia
910 1513 1050 1577 lectione
1073 1512 1227 1578 librorum
1254 1511 1332 1578 0¹⁴.
1387 1511 1528 1579 Secundi
1550 1513 1670 1580 ordinis
1692 1519 1819 1580 textum
1842 1513 1986 1600 disposui
2008 1512 2052 1578 ad

391 1615 544 1701 exempla
571 1634 643 1680 cum
672 1615 755 1681 libro
784 1615 960 1703 pontificali
983 1617 1125 1682 maxime
1151 1617 1385 1682 consentientia
1408 1623 1442 1682 et
1464 1619 1626 1684 simillima
1648 1619 1696 1702 ei,
1727 1617 1814 1706 quod
1841 1619 1910 1683 eius
1940 1623 2053 1682 auctor

390 1717 548 1796 adhibuit,
570 1717 764 1805 posthabitis
786 1719 907 1806 passim
930 1718 1164 1805 antiquioribus
1187 1727 1221 1785 et
1243 1719 1526 1808 probabilioribus.
1564 1721 1666 1788 Tertii
1689 1721 1810 1788 ordinis
1832 1727 1958 1788 textum
1974 1718 2051 1786 dedi

394 1823 437 1888 ad
460 1821 609 1888 editionis
638 1823 801 1888 secundae
828 1821 957 1888 codices
979 1823 1151 1910 plerosque
1173 1845 1247 1889 raro
1277 1825 1319 1890 ab
1343 1824 1455 1892 Indice
1479 1825 1682 1892 recedentes.
1728 1826 1766 1891 In
1789 1826 1878 1891 saria
1900 1825 2052 1904 lectione,

391 1925 537 1991 subiecta
563 1947 647 2012 quae
676 1927 827 1994 sidentur
856 1927 1003 2014 prolecta
1026 1946 1098 1992 esse
1122 1949 1164 1992 ex
1188 1928 1338 1994 editionis
1367 1931 1482 2016 prioris
1506 1931 1649 2017 reliquiis
1673 1931 1811 2016 (scilicet
1834 1930 1898 1994 alia
1925 1929 1957 1994 in
1981 1929 2051 2015 epi-

393 2036 481 2095 toma
503 2031 540 2095 K
559 2037 703 2114 servata,
738 2032 803 2096 aha
839 2033 872 2096 in
903 2031 993 2097 libris
1020 2029 1138 2098 0³E¹·⁸
1161 2054 1204 2098 ex
1227 2039 1364 2120 utraque
1390 2033 1532 2100 editione
1561 2033 1801 2116 contaminatis)
1825 2031 2053 2097 convenientia

391 2155 464 2198 cum
489 2135 630 2200 numeris
653 2135 834 2201 Liberienis
857 2137 909 2202 vel
932 2133 1035 2224 prope
1058 2135 1100 2200 ad
1123 2156 1180 2202 eos
1203 2137 1406 2220 accedentia,
1429 2138 1580 2204 distincta
1602 2145 1676 2204 sunt
1698 2137 1788 2202 uncis
1810 2135 1986 2222 quadratis.

495 2253 526 2320 A
549 2255 681 2322 Liberio
704 2255 779 2322 inde
803 2257 1104 2344 (XXXVII-XO)
1127 2278 1201 2323 cum
1228 2258 1313 2325 liber
1334 2257 1534 2325 Pontificalis
1557 2281 1599 2325 ex
1622 2259 1692 2324 solo
1715 2257 1827 2324 Indice
1850 2256 1994 2344 pendeat
2017 2263 2051 2322 et

391 2359 433 2424 ab
458 2378 498 2424 eo
522 2379 595 2424 raro
618 2358 773 2444 discedat,
796 2381 859 2426 uno
883 2360 994 2427 ordine
1016 2383 1168 2428 numeros
1184 2363 1360 2450 composui.
1398 2363 1437 2428 In
1461 2369 1554 2429 textu
1575 2363 1687 2450 paucis
1709 2363 1788 2428 locis
1810 2363 1859 2444 iis,
1881 2363 1915 2428 in
1937 2361 2053 2448 quibus

391 2461 590 2528 Pontificalis
618 2463 660 2529 ab
691 2462 802 2528 Indice
830 2464 970 2548 recedit,
994 2464 1088 2530 huius
1115 2485 1265 2531 numeros
1289 2465 1394 2532 adieci
1422 2467 1506 2533 intra
1529 2470 1541 2550 (
1563 2465 1576 2553 )
1600 2467 1779 2554 praemissa
1804 2466 1915 2531 littera
1930 2463 1969 2530 P.
2014 2465 2053 2530 In

392 2575 553 2654 apparatu
580 2569 702 2634 variam
724 2569 899 2634 lectionem
922 2567 964 2634 ad
995 2570 1139 2636 Indicam
1161 2571 1380 2658 pertinentem
1409 2572 1451 2638 ab
1480 2593 1520 2638 ea
1549 2593 1632 2658 quae
1661 2571 1694 2636 in
1720 2570 1902 2636 Pontificali
1928 2569 2052 2657 reperi-

391 2677 444 2736 tur
468 2671 589 2738 lineola
610 2673 768 2760 separavi.
1105 2687 1107 2692 '

496 2790 650 2879 Denique
674 2794 706 2858 in
729 2791 873 2859 tabulam
900 2793 983 2860 hanc
1011 2795 1123 2882 recepi
1147 2795 1373 2884 episcopcrum
1395 2795 1617 2864 Romanorum
1641 2793 1898 2882 chronologiam,
1922 2793 2053 2881 qualem

394 2895 568 2960 momentis
593 2897 741 2963 omnibus
765 2897 952 2984 singillatim
975 2901 1129 2986 expensis
1150 2899 1225 2965 inde
1249 2921 1269 2965 a
1292 2901 1449 2966 Pontiano
1474 2901 1564 2986 (nam
1589 2901 1695 2988 spatia
1717 2899 1825 2988 priora
1847 2903 1974 2964 constat
1995 2898 2052 2963 fic-

393 2997 469 3062 ticia
500 2999 586 3084 esse)
622 2999 828 3066 Dncbesnius
867 3001 982 3086 (soll
1019 3023 1051 3088 p.
1077 3001 1406 3090 OOLX-OOLXII)
1438 3005 1571 3092 egregia
1604 3003 1827 3090 disquisitione
1863 3001 2053 3088 composuit.

394 3101 533 3188 Propter
556 3101 656 3168 dubia
679 3109 713 3170 et
734 3105 860 3170 incerta
882 3104 985 3169 multa
1012 3124 1090 3170 sane
1121 3111 1155 3170 et
1181 3107 1294 3192 grevia
1323 3128 1380 3172 eos
1412 3108 1467 3193 qni
1495 3108 1557 3174 bac
1585 3107 1697 3173 tabula
1723 3111 1854 3173 utentur
1879 3103 1923 3171 ad
1948 3105 2053 3192 ipsum

394 3205 588 3270 remittimus
612 3205 728 3272 ducem
754 3208 853 3272 ctiam
876 3207 909 3272 in
931 3207 1075 3273 tenebris
1098 3207 1197 3274 lidum
1221 3215 1255 3274 et
1277 3209 1480 3296 prudentem.

501 3427 522 3498 ¹)
540 3431 658 3498 Repetite
675 3438 737 3484 sunt
754 3447 823 3498 qnae
840 3433 868 3485 in
886 3434 1014 3486 chronicis
1037 3435 1180 3488 minoribus
1201 3436 1296 3504 protuli
1315 3437 1366 3490 sol.
1381 3435 1394 3488 1
1415 3455 1441 3506 p.
1454 3435 1558 3490 'ld-'16
1575 3445 1602 3492 ot
1618 3439 1647 3490 in
1664 3437 1845 3491 additamentis
1862 3433 1943 3488 sold
1959 3453 1984 3504 p.
1994 3431 2053 3486 718.
