4544 6428
461 1467 522 1521 ΕΡ.
544 1464 768 1520 FELIOIANA
1316 1463 1377 1519 ΕΡ.
1397 1464 1628 1520 CONONIANA

305 1640 575 1707 BEATISSIMO
599 1639 716 1705 Para
739 1640 929 1706 Damaso
1160 1640 1432 1706 Bnnrlsalnro
1455 1640 1572 1706 Para
1595 1639 1781 1705 Damaso

468 1744 766 1810 HIERONIMVS.
1324 1743 1617 1810 HIERONIMVS.

258 1861 402 1932 Gloriam
426 1866 606 1930 sanctitatis
629 1871 705 1931 tuae
727 1871 838 1931 noema
853 1865 1016 1930 humilitas
1113 1867 1225 1932 Gloria
1252 1868 1431 1932 sanctitatis
1459 1874 1535 1932 tuae
1568 1872 1679 1930 nostra
1706 1864 1870 1928 humilitas

217 1969 424 2057 deprecatur,
452 1975 488 2035 ut
510 1968 687 2036 seeundum
710 1971 908 2057 apostolicae
931 1970 1018 2035 sedis
1070 1970 1300 2058 depraecetur,
1323 1977 1359 2035 ut
1382 1970 1558 2035 seeundum
1581 1968 1758 2056 apostolice
1782 1967 1868 2032 sedis

215 2095 311 2159 quam
356 2074 565 2158 cognorimus
608 2075 791 2160 gubernare
833 2096 893 2161 per
929 2081 1017 2139 tuam
1070 2095 1165 2160 quam
1204 2075 1414 2162 cognovimus
1454 2075 1636 2160 gubernare
1678 2093 1738 2158 per
1782 2079 1870 2135 tuam

213 2179 418 2242 sanctitatem
442 2176 505 2242 hoo
535 2178 607 2244 urbi
629 2199 835 2265 promamus,
864 2183 900 2243 ut
927 2182 1017 2242 actus
1069 2181 1287 2262 sanctitatem,
1322 2186 1358 2245 ut
1390 2180 1477 2245 curvi
1504 2197 1690 2264 precamur,
1713 2183 1749 2239 ut
1780 2180 1869 2240 actos
1911 2179 1915 2188 ‘

213 2288 378 2366 gestorum
396 2303 416 2345 a
431 2281 520 2346 beati
536 2281 627 2348 Petri
644 2282 784 2370 apostoli
799 2283 1014 2368 principatum
1069 2289 1235 2367 gestorum
1258 2284 1347 2348 beati
1370 2282 1461 2348 Petri
1489 2283 1628 2370 apostoli
1650 2280 1865 2369 principatum

213 2406 315 2471 usque
345 2384 388 2449 ad
411 2392 518 2450 vestra
542 2391 705 2473 tempora,
730 2408 793 2473 que
825 2393 920 2472 geste
943 2391 1018 2451 sunt
1068 2407 1171 2472 usquo
1204 2385 1246 2450 ad
1279 2393 1421 2453 vestram
1455 2393 1619 2474 tempora,
1655 2405 1738 2471 quae
1774 2389 1868 2468 gesta

213 2489 245 2552 in
273 2488 385 2554 sedern
413 2495 519 2572 tuam,
551 2491 643 2555 nobis
671 2511 731 2578 per
759 2490 905 2555 ordinem
928 2492 1017 2577 pacis
1069 2495 1142 2554 sunt
1164 2491 1196 2554 in
1219 2489 1298 2556 sede
1321 2498 1388 2573 tua,
1411 2493 1503 2558 nobis
1523 2513 1582 2578 per
1605 2489 1751 2554 ordinem
1775 2507 1868 2550 enar-

216 2612 366 2657 enarrare
390 2592 551 2678 digneris;
575 2601 734 2680 quatenus
756 2601 868 2659 nostra
889 2594 1017 2659 humili·
1069 2615 1140 2658 rare
1186 2593 1340 2680 digneris;
1386 2602 1544 2682 quatenus
1586 2598 1696 2658 nostra
1739 2591 1869 2655 humili-

214 2701 264 2759 tas
287 2697 406 2762 sentire
435 2704 629 2783 eognoscat,
653 2699 707 2785 qui
737 2699 854 2764 meruit
882 2698 923 2763 ds
948 2699 1016 2786 spi·
1068 2705 1118 2763 tas
1141 2700 1261 2764 sentire
1285 2705 1475 2784 cognoseat,
1507 2699 1562 2785 qui
1587 2697 1705 2762 meruit
1733 2693 1774 2758 de
1802 2695 1872 2780 epi-

214 2820 386 2885 scoporum
409 2822 505 2887 supra
530 2801 637 2867 dietae
661 2807 793 2867 sanotae
816 2801 903 2867 sedis
932 2823 1017 2867 mar·
1069 2824 1239 2891 scoporum
1264 2825 1361 2891 supra
1384 2802 1469 2869 dicte
1492 2801 1578 2866 sedis
1601 2799 1754 2885 martyrio
1777 2817 1870 2862 coro-

218 2903 299 2988 tyrio
324 2905 469 2967 coronari
491 2906 545 2969 rel
568 2906 622 2990 qui
640 2911 751 2971 contra
774 2927 914 2971 canones
936 2927 1016 2993 ape·
1069 2929 1146 2973 nare
1184 2909 1236 2973 vel
1275 2909 1329 2994 qui
1373 2912 1485 2971 eontra
1529 2925 1669 2970 canones
1707 2901 1871 2989 apostolo-

215 3006 370 3071 stolorum
398 2997 576 3072 excessisse
604 3009 817 3094 cognoscitur.
870 3010 937 3075 Ora
960 3033 1017 3098 pro
1069 3034 1139 3076 rum
1163 3012 1342 3077 excessisse
1365 3013 1587 3094 cognoscatur.
1632 3007 1699 3072 Ora
1727 3027 1784 3092 pro
1813 3025 1871 3067 no-

213 3108 322 3190 nobis‚
352 3109 539 3176 beatissime
567 3132 662 3198 papa.
711 3113 1017 3180 octavarum.
1068 3116 1129 3198 bis,
1151 3115 1338 3181 beatissime
1362 3133 1456 3200 popa.
1499 3110 1587 3176 Dato
1608 3111 1653 3175 kl.
1676 3109 1789 3174 Maias.

213 3229 361 3316 Accepta
383 3232 521 3298 Rornae.

234 3437 446 3504 DAMASVS
469 3440 713 3508 EPISOOPVS
735 3442 994 3509 Hluaouruo
1091 3441 1301 3508 DAMASVS
1324 3437 1568 3506 EPISOOPVS
1590 3437 1848 3503 HIERONIMO

470 3544 763 3611 PRESBITERO.
1325 3540 1616 3610 PRESBITERO.

259 3662 390 3728 Gaudet
413 3665 552 3730 ccclesia
575 3670 630 3730 tuo
654 3667 742 3732 sonte
765 3668 830 3732 iarn
846 3669 968 3732 saciata
984 3672 1018 3730 et
1114 3666 1244 3731 Gaudet
1267 3666 1386 3730 eclesia
1408 3671 1463 3730 tuo
1486 3664 1575 3728 fonte
1605 3664 1671 3728 iam
1693 3663 1815 3727 saciata
1839 3667 1872 3726 et

215 3767 353 3852 amplius
376 3768 444 3832 sitit
465 3769 632 3833 curiositas
659 3777 841 3858 temporum
864 3769 1014 3836 sacerdo·
1070 3771 1207 3857 amplius
1215 3771 1291 3851 sitit,
1301 3777 1337 3835 ut
1349 3769 1515 3834 euriositas
1527 3772 1709 3852 tempemm
1721 3765 1872 3832 sacerdo-

215 3871 299 3954 talis,
323 3870 410 3956 quod
433 3870 565 3957 dignum
595 3878 645 3937 eet
675 3884 902 3960 cognoscatur,
931 3875 1017 3962 quod
1071 3875 1153 3957 talis,
1170 3872 1256 3960 quod
1272 3872 1404 3959 dignum
1428 3879 1478 3938 est
1501 3878 1714 3958 cognoscatur
1736 3878 1769 3936 ct
1787 3869 1873 3957 quod

214 3973 380 4060 iudignum
405 3983 584 4062 respuatur.
630 3977 754 4044 Tamen
780 3978 866 4067 quod
888 3987 1015 4066 gestum
1070 3978 1236 4064 indignum
1248 3984 1297 4042 est
1307 3983 1487 4063 respuatur.
1511 3976 1636 4041 Tamen
1648 3974 1735 4061 qued
1747 3980 1874 4060 gestum

214 4080 378 4164 potuimus
393 4082 560 4167 repperire
572 4082 604 4146 in
617 4089 746 4149 nostrae
763 4083 849 4149 sedis
866 4081 1017 4164 studium,
1071 4083 1233 4170 potuimus
1256 4082 1399 4168 reperire
1422 4081 1454 4145 in
1471 4086 1599 4146 nostrae
1616 4078 1702 4145 sedis
1722 4077 1873 4156 studium,

215 4181 257 4246 ad
292 4189 380 4249 tuam
416 4185 584 4249 caritatem
617 4186 797 4271 gaudentes
833 4187 1018 4253 direximus.
1071 4186 1113 4252 ad
1146 4194 1234 4251 tuem
1267 4187 1434 4251 caritatem
1470 4185 1651 4270 gaudentes
1687 4183 1873 4248 direximus.

216 4285 283 4351 Ora
305 4310 363 4374 pro
391 4289 484 4354 nobis
507 4289 548 4354 ad
571 4297 715 4355 sanctam
739 4293 1017 4372 resurrectionem,
1072 4291 1138 4356 Ora
1165 4311 1223 4378 pro
1246 4291 1339 4356 uobis
1362 4289 1404 4354 ad
1427 4295 1570 4354 sanctam
1594 4288 1872 4367 resurrectionem,

216 4390 316 4456 frater
332 4393 574 4480 compresbiter.
609 4394 693 4460 Vale
709 4395 741 4459 in
759 4395 897 4461 Christo.
932 4395 1018 4460 Dato
1073 4397 1173 4461 frater
1193 4395 1423 4480 conpresbiter.
1459 4393 1542 4457 Vale
1558 4393 1590 4456 in
1607 4391 1747 4456 Christo.
1787 4388 1874 4453 Data

216 4494 247 4559 X
270 4495 313 4560 kl.
338 4496 407 4562 Iun.
434 4561 439 4566 ,
1075 4501 1105 4564 Χ
1129 4499 1294 4564 kalendar.
1319 4498 1549 4562 ianuariarum.

218 4614 364 4703 Accepta
386 4617 435 4683 VI
456 4619 500 4684 ki.
526 4619 659 4686 Octobr.

242 4759 260 4802 1.
284 4737 408 4803 Beatus
424 4741 556 4816 Petraei
593 4755 596 4762 ·
699 4761 740 4807 xr.
765 4741 911 4806 Anieitus

232 4862 260 4906 u.
283 4839 383 4907 Linus
498 4833 500 4838 ’
554 4885 556 4948 ,
689 4865 742 4909 xu.
766 4844 843 4909 Pius

219 4967 261 5010 ru.
286 4945 397 5010 Cietae
676 4969 739 5015 xrrr.
765 4947 861 5013 Soter

206 5071 258 5115 uu.
284 5047 436 5116 Clemens
670 5072 742 5117 arur.
766 5052 901 5117 Eleuter

231 5175 261 5217 v.
286 5155 453 5224 Aneolitus
554 5141 556 5166 ¹
690 5177 741 5221 xv.
764 5156 879 5222 Victor

220 5277 260 5324 vr.
283 5257 453 5324 Euaristrrs
679 5281 742 5326 xvr.
766 5261 966 5346 Zepherinus

209 5383 261 5428 vu.
284 5364 474 5428 Alexander·
519 5383 521 5386 ·
668 5385 741 5430 xvu.
767 5363 905 5429 Calistus

197 5489 261 5534 vm.
284 5468 396 5533 Xistus
658 5489 743 5533 xrnr.
769 5467 920 5531 Urbanus

187 5591 263 5637 run.
286 5571 445 5658 Telespor
647 5593 745 5638 xvnu.
767 5572 909 5636 Anteros

228 5696 259 5742 x.
283 5675 393 5761 Iginus
691 5697 743 5740 xx.
768 5675 944 5740 Pontianus
