4612 6436
394 414 487 472 ex1v
1085 417 1367 476 protasome.

395 593 497 657 ralcm
528 590 642 678 prioris
677 591 874 658 recensionis
902 591 1012 658 nescio
1048 611 1145 678 quem
1177 593 1432 676 restituhonem,
1467 593 1500 658 id
1532 593 1684 682 equidem
1717 615 1781 660 nou
1809 616 1880 660 sum
1914 601 2052 662 secutru.

311 733 313 738 ·
396 695 649 762 Restitutionem
678 695 767 760 illam
794 697 950 761 incertam
980 717 1051 762 esse
1082 701 1118 761 et
1139 697 1342 762 arbitrariam
1365 703 1468 762 totam
1491 699 1561 786 ipae
1586 699 1692 764 editor
1713 705 1749 764 ut
1771 705 1859 764 recte
1882 699 2053 782 intellexit,

398 800 444 864 ita
468 801 626 866 nonsatis
641 801 803 866 intellexit
818 821 891 866 eam
913 821 1044 888 prorsus
1066 822 1177 868 carere
1201 801 1351 870 utilitate.
1388 802 1482 888 Ipsae
1507 803 1666 889 epitomae
1689 803 1875 889 singillatim
1898 800 2054 868 exhibere

395 909 433 969 ut
454 903 590 968 fortasse
613 924 679 970 uon
701 909 751 970 est
765 925 1052 992 supervacaneum,
1075 907 1122 970 Ita
1143 905 1233 971 uaria
1256 906 1353 971 lectio
1375 927 1440 971 una
1463 911 1513 971 est
1535 926 1642 993 neque
1665 907 1766 972 ullum
1788 909 1926 972 vitarum
1947 907 2054 972 locum

400 1013 489 1073 recte
512 1009 682 1095 quisquam
705 1009 857 1075 tractabit
877 1010 938 1074 uisi
953 1007 1110 1094 adhibita,
1134 1015 1292 1096 quatenus
1313 1009 1384 1076 lieri
1406 1015 1523 1098 potest,
1540 1011 1727 1076 recensione
1750 1017 1887 1097 utraque
1911 1018 1945 1076 et
1966 1011 2057 1076 varia

397 1112 539 1178 lectione
562 1113 699 1198 integre.

500 1217 662 1283 Recensic
691 1218 780 1304 prior
807 1218 882 1305 quid
913 1218 1064 1285 habuerit
1089 1218 1144 1284 vel
1169 1239 1235 1284 nou
1257 1217 1425 1300 habuerit,
1447 1239 1512 1284 nou
1535 1220 1614 1285 satis
1640 1220 1774 1302 scimus,
1798 1240 1870 1285 oum
1892 1219 1991 1306 plena
2013 1216 2056 1283 ad

399 1343 459 1388 nos
481 1342 546 1387 uon
568 1323 770 1409 pervenerit;
792 1330 828 1388 at
850 1323 905 1410 qui
928 1321 1085 1410 expendit
1107 1343 1191 1410 quae
1215 1323 1378 1409 epitomae
1401 1325 1585 1412 receperint
1614 1331 1648 1391 ct
1678 1344 1762 1411 quaa
1785 1328 1959 1411 praetcrea
1982 1343 2055 1398 cum

398 1445 464 1490 non
486 1427 669 1513 receperint
690 1427 723 1492 in
745 1447 881 1514 corpore
904 1427 1001 1514 pleno
1023 1426 1166 1492 adfuisse
1189 1433 1330 1508 constet,
1353 1428 1525 1514 intelleget
1546 1450 1608 1494 non
1631 1428 1766 1494 multum
1789 1427 1962 1493 recessisse
1986 1425 2055 1492 edi-

400 1531 521 1595 tionem
550 1531 691 1616 priorem
722 1531 764 1596 ab
793 1551 833 1596 ea
860 1552 945 1617 quae
974 1536 1132 1619 superest.
1177 1529 1362 1596 Adiuerunt
1386 1531 1496 1598 inille
1519 1532 1667 1599 laterculi
1690 1531 1913 1616 donariorum,
1938 1551 2053 1618 quam·

401 1655 499 1720 quam
530 1654 588 1699 eos
610 1634 830 1703 breviatorem
852 1638 936 1702 alter
957 1636 1081 1719 omisit,
1105 1634 1251 1702 altered
1274 1656 1377 1723 pauca
1399 1636 1501 1702 rerba
1531 1637 1669 1724 redegit.
1714 1634 1900 1702 Adinerunt
1922 1635 2054 1702 omuino

401 1739 456 1804 alii
478 1739 552 1820 loci,
574 1744 611 1804 ut
634 1743 685 1820 77,
702 1766 726 1806 ιι
749 1739 838 1826 (vide
861 1761 959 1828 supra
981 1763 1013 1827 p.
1031 1739 1171 1825 CXIII),
1188 1739 1357 1805 evidenter
1377 1760 1442 1805 nou
1465 1740 1567 1806 additi
1589 1742 1622 1806 iu
1645 1741 1835 1807 recensione
1859 1741 1972 1816 altera,
1998 1737 2057 1804 sed

402 1842 445 1908 ab
468 1843 734 1930 epitomatoribus
749 1846 979 1932 praetermissi.
1022 1844 1236 1910 Diasoeuasta
1259 1843 1336 1930 quid
1359 1845 1503 1911 omiserit
1525 1845 1738 1927 addideritre,
1760 1845 1843 1911 inira
1867 1848 2056 1932 quaeretur;

401 1954 589 2015 neutrorum
612 1969 782 2016 numerum
803 1971 957 2036 magnum
979 1951 1079 2016 tirisse
1101 1949 1272 2036 probabile
1297 1955 1356 2014 est
1402 1949 1500 2014 Vitae
1523 1950 1621 2036 longe
1646 1950 1826 2037 pleraeque
1853 1950 1886 2015 iu
1909 1948 2060 2036 epitomis

401 2074 505 2140 prope
525 2053 684 2120 accedunt
707 2052 749 2120 ad
771 2055 993 2121 recensionem
1016 2055 1163 2142 plenam;
1186 2055 1276 2119 solae
1299 2053 1368 2118 fere
1392 2074 1476 2139 quae
1499 2055 1622 2120 habent
1636 2055 1841 2120 narrationes
1856 2053 2060 2141 prolixiores,

402 2163 439 2222 ut
461 2158 585 2224 Liberii
601 2157 809 2246 (XXXVII),
833 2159 1021 2246 Symmachi
1038 2157 1157 2245 (LIII),
1181 2157 1376 2222 Hormisdae
1392 2156 1533 2245 (LIlll),
1557 2159 1714 2225 Iohannis
1730 2159 1746 2224 l
1763 2158 1847 2242 (LV)
1872 2162 2062 2246 comparent

403 2263 437 2328 in
465 2263 645 2350 posteriore
673 2264 779 2330 forme
805 2269 947 2344 mutam,
976 2284 1060 2346 raro,
1084 2268 1238 2349 quantum
1264 2267 1416 2348 apparet,
1440 2267 1529 2328 certo
1559 2263 1668 2350 aliquo
1695 2263 1829 2329 consilio
1853 2260 1940 2345 (vide
1964 2282 2063 2348 supra

405 2389 436 2454 p.
452 2365 583 2451 XVIII)
599 2389 660 2434 nec
682 2369 787 2454 magis
810 2367 978 2433 breviandi
1000 2367 1118 2450 studio,
1140 2365 1200 2432 sed
1221 2367 1396 2433 temeraria
1419 2372 1453 2432 et
1474 2368 1590 2434 inscita
1605 2367 1797 2434 traditorum
1819 2367 2062 2432 instauratIone.

406 2472 546 2538 Omnino
571 2493 643 2540 cum
666 2471 796 2538 aliunde
824 2477 950 2538 constet
977 2473 1200 2538 recensionem
1228 2471 1370 2558 priorem
1400 2492 1471 2536 esse
1494 2473 1617 2538 saeculi
1640 2473 1770 2560 septimi
1793 2471 1975 2557 eodemque
2005 2490 2065 2557 per

405 2581 576 2650 intervalla
605 2577 785 2646 conlectam
813 2597 886 2642 esse
913 2578 1141 2664 posteriorem,
1168 2597 1233 2640 non
1263 2577 1399 2641 multum
1427 2583 1576 2664 tempore
1605 2576 1725 2643 distent
1754 2581 1887 2664 totaque
1918 2575 2064 2662 quaestio

405 2692 448 2759 de
474 2687 600 2755 duabus
622 2681 865 2750 recensionibus
887 2701 951 2748 non
975 2687 1085 2747 tantae
1108 2681 1276 2767 gramtatis
1292 2686 1326 2745 et
1347 2681 1495 2746 utilitatis
1521 2687 1579 2760 est,
1606 2688 1758 2767 quantam
1780 2681 1841 2746 viri
1863 2679 1952 2746 docti
1966 2679 2063 2766 pleri·

407 2817 470 2885 que
494 2795 525 2860 ei
548 2789 740 2858 tribuerunt.

513 2898 584 2963 Iam
607 2893 775 2959 videamus
797 2897 908 2956 textus
930 2889 1085 2956 librorum
1102 2889 1352 2975 epitomatorem
1370 2886 1532 2974 quomodo
1555 2888 1687 2955 differat
1708 2911 1729 2955 a
1750 2889 1939 2954 recensione
1962 2889 2067 2953 altera

410 3005 519 3094 plena.
562 2999 606 3066 Et
629 2996 878 3085 explicabuntur
898 2995 1037 3081 primum
1053 2994 1189 3060 virtutes
1212 2993 1472 3078 epitomatorem,
1495 2994 1618 3060 scilicet
1641 2992 1728 3080 quod
1749 2993 1882 3080 propios
1907 2991 2066 3058 accedunt

410 3110 453 3176 ed
487 3110 636 3173 auctores
668 3124 688 3168 a
723 3101 879 3188 scriptore
908 3100 1046 3164 vitarum
1076 3096 1255 3180 adhibitos,
1284 3095 1371 3183 quod
1398 3097 1522 3163 habent
1546 3099 1632 3164 male
1666 3099 1785 3164 omissa
1813 3099 1846 3162 iu
1874 3097 2065 3162 recensione

411 3212 593 3302 posteriore
610 3208 825 3292 omittuntque
838 3203 1061 3269 additamenta
1075 3200 1161 3266 male
1177 3200 1273 3284 fecta,
1287 3199 1427 3287 denique
1444 3201 1530 3288 quod
1547 3202 1737 3289 corruptelis
1752 3207 1862 3267 textus
1877 3200 2066 3266 recentioris

411 3323 501 3385 recte
529 3313 709 3383 medentur.
760 3306 889 3374 Deinde
917 3307 1065 3373 similiter
1091 3307 1170 3370 vitia
1197 3306 1412 3392 epitomarum
1441 3307 1664 3373 tractabuntur
1686 3307 1750 3372 alia
1771 3306 1811 3372 iis
1833 3306 1980 3393 propria,
2003 3305 2069 3370 elia

413 3428 490 3488 nata
522 3440 565 3485 ex
592 3415 863 3484 contamiuatioue
892 3431 964 3477 cum
991 3410 1081 3476 libris
1108 3410 1222 3496 plenis.
1278 3409 1316 3474 In
1344 3410 1493 3475 omnibus
1518 3411 1568 3476 his
1599 3410 1873 3498 disquisitionibus
1901 3410 2067 3496 specImen

412 3521 637 3593 tantummodo
661 3523 860 3608 proponetur
882 3516 1068 3603 peripsam
1092 3513 1268 3580 editionem
1293 3513 1519 3600 supplendum.

516 3629 607 3694 Inter
628 3629 788 3703 auctores,
812 3641 892 3708 quos
914 3620 1051 3686 vitarum
1075 3619 1212 3705 scriptor
1233 3617 1391 3702 adhibuit,
1415 3619 1649 3706 cumprimum
1674 3618 1781 3685 locum
1805 3618 1974 3684 obtineant
1997 3616 2066 3702 epi·

415 3753 587 3822 scoporum
608 3728 755 3797 laterculi
778 3726 860 3807 duo,
883 3723 990 3790 Iudex
1017 3728 1050 3788 et
1072 3722 1279 3805 Liberianus,
1316 3743 1428 3789 eorum
1456 3743 1607 3790 numeros
1643 3744 1739 3810 supra
1762 3723 1808 3810 (p.
1825 3721 1900 3804 LV)
1935 3721 2070 3785 demon-

420 3840 591 3907 stravimus
617 3853 738 3919 magne
760 3852 803 3896 cx
824 3836 918 3917 parte
948 3828 1082 3915 reperiri
1111 3827 1145 3892 iu
1175 3827 1317 3913 epitome
1348 3826 1551 3910 Oououiana,
1581 3828 1678 3914 plane
1708 3828 1912 3894 oblitteratas
1940 3845 2011 3890 esse
2039 3825 2073 3890 iu

418 3945 509 4011 libris
530 3939 728 4009 recensionis
749 3935 937 4024 posterioris
959 3953 1024 3998 nou
1046 3933 1269 3998 contaminatis
1293 3953 1364 3997 com
1387 3932 1504 4018 priore.

520 4047 630 4112 Etiam
652 4044 707 4108 alii
728 4042 792 4107 loci
815 4061 858 4106 ex
880 4040 1030 4124 catalogo
1053 4037 1227 4102 Liberiano
1250 4038 1283 4103 in
1305 4037 1530 4102 Pontificalem
1554 4035 1701 4100 tramlati
1724 4033 1846 4122 passim
1867 4034 1900 4099 in
1923 4033 2074 4120 epitomis

417 4157 556 4222 formam
578 4171 658 4238 pree
681 4169 717 4214 se
740 4148 848 4212 ferunt
870 4142 913 4209 ad
935 4143 1145 4229 archetypum
1168 4142 1301 4228 propius
1324 4140 1535 4207 accedentem
1559 4160 1655 4226 quam
1673 4158 1757 4225 quae
1773 4138 1892 4224 legitur
1912 4137 1946 4202 in
1961 4137 2074 4202 Ponti-

418 4259 512 4326 ficali.
551 4255 589 4320 In
605 4253 700 4320 Oleto
723 4255 781 4332 6,ι
804 4249 977 4315 verborum
999 4251 1028 4311 ct
1044 4246 1141 4310 inicia
1155 4245 1337 4310 Domitiani
1357 4245 1390 4310 in
1412 4245 1476 4310 illis
1498 4243 1574 4310 solis
1597 4243 1770 4328 vestigium
1794 4242 1959 4307 remansit.
1998 4241 2075 4306 Pius

420 4363 596 4430 collocatur
622 4359 656 4424 in
685 4355 836 4443 epitomis
864 4357 939 4441 post
966 4351 1139 4416 Anicetum
1161 4368 1350 4436 perperam,
1373 4348 1432 4413 aed
1455 4369 1527 4414 cum
1557 4348 1713 4435 scriptore
1737 4345 1877 4430 catalogi
1899 4343 2074 4411 liberiani.

418 4467 459 4534 In
481 4465 541 4530 Pio
566 4467 645 4546 14,s
666 4459 768 4526 rerba
793 4457 900 4542 frater
928 4456 1033 4537 tysim
1064 4453 1211 4521 derivata
1242 4474 1285 4518 ex
1312 4453 1487 4519 Liberiauo
1510 4451 1612 4518 habet
1638 4453 1710 4517 sola
1733 4451 1875 4538 epitome
1898 4449 2075 4516 Felicione.

420 4568 576 4637 Miltiadis
608 4571 758 4652 tempore
789 4561 934 4628 indidem
967 4565 1096 4646 sumpta
1127 4557 1224 4623 modo
1252 4557 1298 4644 (p.
1321 4555 1395 4642 ΟΧ)
1425 4556 1563 4622 vidimus
1590 4558 1624 4621 in
1658 4555 1808 4642 epitomis
1836 4553 1903 4638 legi
1935 4553 2076 4638 pessime

421 4673 633 4762 interpolata,
657 4675 691 4734 at
719 4670 752 4734 iu
775 4667 963 4734 recensione
987 4664 1167 4752 posteriore
1189 4663 1307 4728 iterata
1330 4660 1580 4748 interpolatione
1603 4661 1690 4726 facta
1712 4658 1886 4724 deteriora.
1912 4695 1952 4706 -
1979 4657 2074 4721 Simi-

421 4782 497 4846 liter
527 4798 570 4844 ex
600 4773 793 4860 Hieronymi
820 4772 862 4838 da
893 4770 970 4836 viris
998 4768 1174 4834 illustribus
1203 4766 1314 4832 libello
1347 4785 1430 4853 quae
1458 4771 1570 4831 auctor
1593 4764 1695 4830 traxit
1721 4765 1754 4828 in
1784 4762 1884 4826 Petro
1907 4763 1966 4843 2,1
1991 4759 2078 4824 etin

424 4884 595 4950 (ilemeute
618 4884 649 4962 7,
665 4905 704 4961 e,
732 4879 765 4942 in
794 4876 943 4964 epitomis
973 4873 1015 4939 ad
1037 4879 1203 4938 auctorem
1224 4873 1357 4960 propius
1379 4869 1547 4936 accedunt.
1593 4868 1672 4934 Rari
1694 4867 1772 4949 loci,
1794 4865 1851 4930 ubi
1874 4884 1892 4929 e
1916 4864 2077 4930 contrario

424 4989 522 5076 plena
544 4985 689 5050 recensio
713 5002 786 5048 cum
809 4981 958 5065 catologo
975 4978 1148 5043 Liberiano
1163 4978 1219 5043 rel
1232 4997 1306 5043 oum
1320 4975 1522 5061 Hieronymo
1538 4973 1616 5039 iacit
1632 4977 1743 5038 contra
1768 4969 1939 5056 epitomas,
1963 4967 2080 5031 mutati

425 5098 500 5158 sunt
521 5090 563 5155 ab
580 5089 793 5175 epitometcre
815 5081 904 5170 (vide
919 5083 1003 5149 inira
1023 5103 1055 5168 p.
1072 5079 1182 5144 OXVI
1205 5085 1239 5144 et
1261 5079 1389 5144 deloco
1407 5082 1483 5160 24,s
1507 5096 1591 5163 quae
1606 5076 1801 5141 adnotentur
1816 5093 1848 5158 p.
1867 5068 2021 5152 CXXII).
2039 5103 2078 5116 -

426 5197 537 5262 Pauca
566 5190 789 5258 tautummodo
817 5189 950 5255 huiusce
977 5186 1107 5273 generis
1137 5184 1246 5250 afferri
1275 5188 1410 5270 possunt
1436 5185 1626 5268 eapropter,
1656 5177 1743 5266 quod
1770 5181 1897 5257 auctor,
1927 5177 2082 5258 utsupra

426 5301 576 5382 vidimus,
597 5317 663 5363 uon
684 5297 804 5361 multos
825 5293 924 5359 libros
946 5293 1084 5378 sorIptos
1106 5287 1254 5354 adhibuit
1275 5287 1381 5352 adhuc
1404 5291 1566 5351 exmntes.

533 5403 625 5479 Quae
649 5400 768 5466 absunt
789 5398 831 5464 ab
856 5397 1015 5484 epitomis,
1038 5394 1157 5459 adsunt
1178 5394 1212 5459 in
1234 5391 1423 5458 recensione
1446 5391 1553 5477 plena,
1569 5393 1676 5453 utrum
1697 5385 1806 5451 omina
1826 5382 1890 5446 sint
1912 5401 1932 5444 a
1952 5379 2082 5444 brevia-

428 5516 500 5575 tore
524 5530 566 5573 au
589 5505 718 5572 adiecta
739 5505 782 5570 ab
805 5507 937 5568 auctore
961 5497 1113 5582 secundo,
1136 5516 1236 5584 saepe
1260 5495 1393 5561 dubium
1413 5499 1534 5576 manet,
1557 5499 1592 5558 et
1612 5492 1666 5558 vel
1688 5489 1832 5555 maxime
1854 5491 1989 5573 propter
2010 5501 2084 5548 eam

428 5635 558 5681 causam
582 5611 804 5678 recensionem
826 5612 970 5675 nostram
991 5607 1038 5670 Ite
1053 5604 1260 5681 instituimus,
1283 5605 1319 5666 ot
1342 5599 1383 5666 de
1401 5598 1536 5684 singulis
1552 5597 1630 5662 locis
1651 5595 1691 5660 iis
1707 5593 1760 5680 qui
1781 5593 1816 5657 in
1837 5611 1890 5657 res
1911 5589 2084 5675 inquirunt,

428 5717 580 5783 iudicium
610 5716 749 5782 liberum
779 5717 920 5780 maneat.
969 5710 1160 5778 Leterculoe
1189 5705 1437 5778 anathematum
1466 5723 1532 5775 non
1559 5700 1679 5774 afuisse
1708 5720 1728 5772 a
1758 5695 1948 5773 1000n⁸i⁰110
1977 5693 2084 5794 pfiort
