<?xml version="1.0" encoding="UTF-8"?>
<!DOCTYPE html PUBLIC "-//W3C//DTD XHTML 1.0 Transitional//EN"
    "http://www.w3.org/TR/xhtml1/DTD/xhtml1-transitional.dtd">
<html xmlns="http://www.w3.org/1999/xhtml" xml:lang="en" lang="en">
 <head>
  <title>
</title>
<meta http-equiv="Content-Type" content="text/html;charset=utf-8" />
  <meta name='ocr-system' content='tesseract 3.04.00' />
  <meta name='ocr-capabilities' content='ocr_page ocr_carea ocr_par ocr_line ocrx_word'/>
</head>
<body>
  <div class='ocr_page' id='page_1' title='image "./monumentagerman02unkngoog_0392.png"; bbox 0 0 4544 6428; ppageno 0'>
   <div class='ocr_carea' id='block_1_1' title="bbox 397 429 458 494">
    <p class='ocr_par' dir='ltr' id='par_1_1' title="bbox 397 429 458 494">
     <span class='ocr_line' id='line_1_1' title="bbox 397 429 458 494; baseline -0.066 0"><span class='ocrx_word' id='word_1_1' title='bbox 397 429 458 494; x_wconf 76' lang='lat'>252</span> 
     </span>
    </p>
   </div>
   <div class='ocr_carea' id='block_1_2' title="bbox 394 599 908 788">
    <p class='ocr_par' dir='ltr' id='par_1_2' title="bbox 394 599 908 788">
     <span class='ocr_line' id='line_1_2' title="bbox 685 599 908 655; baseline 0.004 -1"><span class='ocrx_word' id='word_1_2' title='bbox 685 599 908 655; x_wconf 79' lang='lat' dir='ltr'>FELIOIANA</span> 
     </span>
     <span class='ocr_line' id='line_1_3' title="bbox 394 702 769 788; baseline 0 -20"><span class='ocrx_word' id='word_1_3' title='bbox 394 723 454 788; x_wconf 89' lang='lat' dir='ltr'>per</span> <span class='ocrx_word' id='word_1_4' title='bbox 476 724 576 768; x_wconf 90' lang='lat' dir='ltr'>mens.</span> <span class='ocrx_word' id='word_1_5' title='bbox 599 702 769 786; x_wconf 78' lang='lat' dir='ltr'>Decemb,</span> 
     </span>
    </p>
   </div>
   <div class='ocr_carea' id='block_1_3' title="bbox 393 822 1195 1237">
    <p class='ocr_par' dir='ltr' id='par_1_3' title="bbox 393 822 1195 1237">
     <span class='ocr_line' id='line_1_4' title="bbox 395 822 1195 912; baseline 0.003 -24"><span class='ocrx_word' id='word_1_6' title='bbox 395 823 503 910; x_wconf 84' lang='lat' dir='ltr'><strong>presb.</strong></span> <span class='ocrx_word' id='word_1_7' title='bbox 520 823 615 905; x_wconf 89' lang='lat' dir='ltr'>Xlll,</span> <span class='ocrx_word' id='word_1_8' title='bbox 640 822 722 890; x_wconf 90' lang='lat' dir='ltr'>diac.</span> <span class='ocrx_word' id='word_1_9' title='bbox 738 825 823 908; x_wconf 92' lang='lat' dir='ltr'>IIII,</span> <span class='ocrx_word' id='word_1_10' title='bbox 848 827 1018 912; x_wconf 89' lang='lat' dir='ltr'>episcopos</span> <span class='ocrx_word' id='word_1_11' title='bbox 1041 847 1100 912; x_wconf 88' lang='lat' dir='ltr'>per</span> <span class='ocrx_word' id='word_1_12' title='bbox 1123 829 1195 892; x_wconf 92' lang='lat' dir='ltr'>loca</span> 
     </span>
     <span class='ocr_line' id='line_1_5' title="bbox 394 926 1194 1019; baseline 0.004 -27"><span class='ocrx_word' id='word_1_13' title='bbox 394 926 552 993; x_wconf 89' lang='lat' dir='ltr'>XXXVI.</span> <span class='ocrx_word' id='word_1_14' title='bbox 598 929 752 1019; x_wconf 79' lang='lat' dir='ltr'>Sepultus</span> <span class='ocrx_word' id='word_1_15' title='bbox 768 937 819 996; x_wconf 90' lang='lat' dir='ltr'>cst</span> <span class='ocrx_word' id='word_1_16' title='bbox 840 932 873 996; x_wconf 93' lang='lat' dir='ltr'>in</span> <span class='ocrx_word' id='word_1_17' title='bbox 889 931 1046 1017; x_wconf 83' lang='lat' dir='ltr'>cimityrio</span> <span class='ocrx_word' id='word_1_18' title='bbox 1063 937 1194 995; x_wconf 86' lang='lat' dir='ltr'>sanctae</span> 
     </span>
     <span class='ocr_line' id='line_1_6' title="bbox 393 1031 583 1116; baseline 0.005 -19"><span class='ocrx_word' id='word_1_19' title='bbox 393 1031 583 1116; x_wconf 80' lang='lat' dir='ltr'>Felicitatis,</span> 
     </span>
     <span class='ocr_line' id='line_1_7' title="bbox 393 1153 604 1237; baseline 0.009 -21"><span class='ocrx_word' id='word_1_20' title='bbox 393 1154 446 1217; x_wconf 90' lang='lat' dir='ltr'>via</span> <span class='ocrx_word' id='word_1_21' title='bbox 469 1153 604 1237; x_wconf 84' lang='lat' dir='ltr'>Salaria,</span> 
     </span>
    </p>
   </div>
   <div class='ocr_carea' id='block_1_4' title="bbox 392 1272 1194 1443">
    <p class='ocr_par' dir='ltr' id='par_1_4' title="bbox 392 1272 1194 1443">
     <span class='ocr_line' id='line_1_8' title="bbox 392 1272 1194 1363; baseline 0.004 -26"><span class='ocrx_word' id='word_1_22' title='bbox 392 1272 475 1338; x_wconf 86' lang='lat' dir='ltr'>VIII</span> <span class='ocrx_word' id='word_1_23' title='bbox 508 1275 555 1340; x_wconf 84' lang='lat' dir='ltr'>kl.</span> <span class='ocrx_word' id='word_1_24' title='bbox 587 1273 747 1342; x_wconf 84' lang='lat' dir='ltr'>Novemb.</span> <span class='ocrx_word' id='word_1_25' title='bbox 808 1276 957 1342; x_wconf 75' lang='lat' dir='ltr'>(lassavit</span> <span class='ocrx_word' id='word_1_26' title='bbox 990 1277 1194 1363; x_wconf 78' lang='lat' dir='ltr'>episcopatus</span> 
     </span>
     <span class='ocr_line' id='line_1_9' title="bbox 394 1375 589 1443; baseline 0.015 -3"><span class='ocrx_word' id='word_1_27' title='bbox 394 1375 464 1441; x_wconf 90' lang='lat' dir='ltr'>dies</span> <span class='ocrx_word' id='word_1_28' title='bbox 477 1376 589 1443; x_wconf 90' lang='lat' dir='ltr'>VIIlI.</span> 
     </span>
    </p>
   </div>
   <div class='ocr_carea' id='block_1_5' title="bbox 394 1583 1192 1773">
    <p class='ocr_par' dir='ltr' id='par_1_5' title="bbox 394 1583 1192 1773">
     <span class='ocr_line' id='line_1_10' title="bbox 435 1583 1191 1677; baseline 0.008 -29"><span class='ocrx_word' id='word_1_29' title='bbox 435 1603 506 1648; x_wconf 85' lang='lat' dir='ltr'>xnv.</span> <span class='ocrx_word' id='word_1_30' title='bbox 530 1583 753 1669; x_wconf 79' lang='lat' dir='ltr'>Onnnnsrrnvs,</span> <span class='ocrx_word' id='word_1_31' title='bbox 777 1589 907 1654; x_wconf 90' lang='lat' dir='ltr'>natione</span> <span class='ocrx_word' id='word_1_32' title='bbox 931 1589 1126 1677; x_wconf 85' lang='lat' dir='ltr'>Campanus,</span> <span class='ocrx_word' id='word_1_33' title='bbox 1150 1612 1191 1655; x_wconf 84' lang='lat' dir='ltr'>en</span> 
     </span>
     <span class='ocr_line' id='line_1_11' title="bbox 394 1688 1192 1773; baseline 0.015 -23"><span class='ocrx_word' id='word_1_34' title='bbox 394 1692 486 1773; x_wconf 85' lang='lat' dir='ltr'>patre</span> <span class='ocrx_word' id='word_1_35' title='bbox 511 1688 632 1770; x_wconf 90' lang='lat' dir='ltr'>Prisco,</span> <span class='ocrx_word' id='word_1_36' title='bbox 649 1689 735 1756; x_wconf 89' lang='lat' dir='ltr'>sedit</span> <span class='ocrx_word' id='word_1_37' title='bbox 757 1711 827 1756; x_wconf 87' lang='lat' dir='ltr'>ann.</span> <span class='ocrx_word' id='word_1_38' title='bbox 845 1691 927 1756; x_wconf 94' lang='lat' dir='ltr'>Vlll</span> <span class='ocrx_word' id='word_1_39' title='bbox 950 1715 1050 1760; x_wconf 89' lang='lat' dir='ltr'>mens.</span> <span class='ocrx_word' id='word_1_40' title='bbox 1067 1695 1098 1759; x_wconf 88' lang='lat' dir='ltr'>X</span> <span class='ocrx_word' id='word_1_41' title='bbox 1123 1695 1192 1762; x_wconf 90' lang='lat' dir='ltr'>dies</span> 
     </span>
    </p>
   </div>
   <div class='ocr_carea' id='block_1_6' title="bbox 390 1789 996 1977">
    <p class='ocr_par' dir='ltr' id='par_1_6' title="bbox 390 1789 996 1977">
     <span class='ocr_line' id='line_1_12' title="bbox 392 1789 996 1882; baseline 0.017 -30"><span class='ocrx_word' id='word_1_42' title='bbox 392 1789 502 1856; x_wconf 86' lang='lat' dir='ltr'>XVII.</span> <span class='ocrx_word' id='word_1_43' title='bbox 547 1792 612 1859; x_wconf 91' lang='lat' dir='ltr'>Hic</span> <span class='ocrx_word' id='word_1_44' title='bbox 634 1793 720 1876; x_wconf 87' lang='lat' dir='ltr'>fecit,</span> <span class='ocrx_word' id='word_1_45' title='bbox 743 1803 779 1860; x_wconf 92' lang='lat' dir='ltr'>ut</span> <span class='ocrx_word' id='word_1_46' title='bbox 801 1796 918 1882; x_wconf 83' lang='lat' dir='ltr'>psalmi</span> <span class='ocrx_word' id='word_1_47' title='bbox 941 1795 996 1862; x_wconf 79' lang='lat' dir='ltr'>CL</span> 
     </span>
     <span class='ocr_line' id='line_1_13' title="bbox 390 1909 499 1977; baseline 0.028 -3"><span class='ocrx_word' id='word_1_48' title='bbox 390 1909 499 1977; x_wconf 82' lang='lat' dir='ltr'>David</span> 
     </span>
    </p>
   </div>
   <div class='ocr_carea' id='block_1_7' title="bbox 390 2034 1190 2218">
    <p class='ocr_par' dir='ltr' id='par_1_7' title="bbox 390 2034 1190 2218">
     <span class='ocr_line' id='line_1_14' title="bbox 391 2034 1190 2125; baseline 0.013 -29"><span class='ocrx_word' id='word_1_49' title='bbox 391 2038 466 2097; x_wconf 89' lang='lat' dir='ltr'>aute</span> <span class='ocrx_word' id='word_1_50' title='bbox 490 2034 677 2101; x_wconf 88' lang='lat' dir='ltr'>sacrificium</span> <span class='ocrx_word' id='word_1_51' title='bbox 701 2037 811 2125; x_wconf 87' lang='lat' dir='ltr'>psalli,</span> <span class='ocrx_word' id='word_1_52' title='bbox 839 2037 925 2124; x_wconf 90' lang='lat' dir='ltr'>quod</span> <span class='ocrx_word' id='word_1_53' title='bbox 948 2043 1024 2104; x_wconf 88' lang='lat' dir='ltr'>ante</span> <span class='ocrx_word' id='word_1_54' title='bbox 1047 2061 1110 2105; x_wconf 93' lang='lat' dir='ltr'>non</span> <span class='ocrx_word' id='word_1_55' title='bbox 1132 2041 1190 2107; x_wconf 88' lang='lat' dir='ltr'>lie·</span> 
     </span>
     <span class='ocr_line' id='line_1_15' title="bbox 390 2135 686 2218; baseline 0.017 -18"><span class='ocrx_word' id='word_1_56' title='bbox 390 2135 457 2218; x_wconf 85' lang='lat' dir='ltr'><strong>bat,</strong></span> <span class='ocrx_word' id='word_1_57' title='bbox 480 2138 540 2202; x_wconf 93' lang='lat' dir='ltr'>uisi</span> <span class='ocrx_word' id='word_1_58' title='bbox 562 2142 686 2205; x_wconf 88' lang='lat' dir='ltr'>tantum</span> 
     </span>
    </p>
   </div>
   <div class='ocr_carea' id='block_1_8' title="bbox 390 2377 1190 2468">
    <p class='ocr_par' dir='ltr' id='par_1_8' title="bbox 390 2377 1190 2468">
     <span class='ocr_line' id='line_1_16' title="bbox 390 2377 1190 2468; baseline 0.011 -27"><span class='ocrx_word' id='word_1_59' title='bbox 390 2377 548 2463; x_wconf 88' lang='lat' dir='ltr'>epistolae</span> <span class='ocrx_word' id='word_1_60' title='bbox 571 2380 666 2446; x_wconf 90' lang='lat' dir='ltr'>Pauli</span> <span class='ocrx_word' id='word_1_61' title='bbox 692 2384 830 2468; x_wconf 90' lang='lat' dir='ltr'>apostoli</span> <span class='ocrx_word' id='word_1_62' title='bbox 859 2390 892 2449; x_wconf 92' lang='lat' dir='ltr'>et</span> <span class='ocrx_word' id='word_1_63' title='bbox 920 2390 1067 2451; x_wconf 90' lang='lat' dir='ltr'>sanctum</span> <span class='ocrx_word' id='word_1_64' title='bbox 1090 2407 1190 2450; x_wconf 88' lang='lat' dir='ltr'>euan-</span> 
     </span>
    </p>
   </div>
   <div class='ocr_carea' id='block_1_9' title="bbox 389 2481 1189 2655">
    <p class='ocr_par' dir='ltr' id='par_1_9' title="bbox 389 2481 1189 2655">
     <span class='ocr_line' id='line_1_17' title="bbox 389 2481 1189 2566; baseline 0.015 -23"><span class='ocrx_word' id='word_1_65' title='bbox 389 2481 529 2566; x_wconf 85' lang='lat' dir='ltr'>gelium,</span> <span class='ocrx_word' id='word_1_66' title='bbox 558 2489 593 2548; x_wconf 90' lang='lat' dir='ltr'>et</span> <span class='ocrx_word' id='word_1_67' title='bbox 614 2485 659 2550; x_wconf 90' lang='lat' dir='ltr'>sio</span> <span class='ocrx_word' id='word_1_68' title='bbox 681 2487 800 2552; x_wconf 87' lang='lat' dir='ltr'>missae</span> <span class='ocrx_word' id='word_1_69' title='bbox 823 2489 1082 2555; x_wconf 91' lang='lat' dir='ltr'>celebrabuntur.</span> <span class='ocrx_word' id='word_1_70' title='bbox 1126 2489 1189 2555; x_wconf 90' lang='lat' dir='ltr'>Hic</span> 
     </span>
     <span class='ocr_line' id='line_1_18' title="bbox 389 2583 783 2655; baseline 0.018 -7"><span class='ocrx_word' id='word_1_71' title='bbox 389 2583 468 2649; x_wconf 87' lang='lat' dir='ltr'>fecit</span> <span class='ocrx_word' id='word_1_72' title='bbox 489 2585 707 2654; x_wconf 82' lang='lat' dir='ltr'>ordinationes</span> <span class='ocrx_word' id='word_1_73' title='bbox 729 2591 783 2655; x_wconf 93' lang='lat' dir='ltr'>III</span> 
     </span>
    </p>
   </div>
   <div class='ocr_carea' id='block_1_10' title="bbox 387 2707 762 2793">
    <p class='ocr_par' dir='ltr' id='par_1_10' title="bbox 387 2707 762 2793">
     <span class='ocr_line' id='line_1_19' title="bbox 387 2707 762 2793; baseline 0.024 -25"><span class='ocrx_word' id='word_1_74' title='bbox 387 2724 449 2791; x_wconf 90' lang='lat' dir='ltr'>per</span> <span class='ocrx_word' id='word_1_75' title='bbox 469 2727 569 2772; x_wconf 89' lang='lat' dir='ltr'>mens.</span> <span class='ocrx_word' id='word_1_76' title='bbox 593 2707 762 2793; x_wconf 80' lang='lat' dir='ltr'>Decemb,</span> 
     </span>
    </p>
   </div>
   <div class='ocr_carea' id='block_1_11' title="bbox 387 2826 1188 2922">
    <p class='ocr_par' dir='ltr' id='par_1_11' title="bbox 387 2826 1188 2922">
     <span class='ocr_line' id='line_1_20' title="bbox 387 2826 1188 2922; baseline 0.014 -33"><span class='ocrx_word' id='word_1_77' title='bbox 387 2826 495 2911; x_wconf 85' lang='lat' dir='ltr'>presb.</span> <span class='ocrx_word' id='word_1_78' title='bbox 512 2827 664 2912; x_wconf 84' lang='lat' dir='ltr'>XXXII,</span> <span class='ocrx_word' id='word_1_79' title='bbox 702 2831 785 2897; x_wconf 87' lang='lat' dir='ltr'>diac.</span> <span class='ocrx_word' id='word_1_80' title='bbox 801 2832 885 2916; x_wconf 92' lang='lat' dir='ltr'>XII,</span> <span class='ocrx_word' id='word_1_81' title='bbox 924 2835 1093 2921; x_wconf 88' lang='lat' dir='ltr'>episcopos</span> <span class='ocrx_word' id='word_1_82' title='bbox 1128 2856 1188 2922; x_wconf 90' lang='lat' dir='ltr'>per</span> 
     </span>
    </p>
   </div>
   <div class='ocr_carea' id='block_1_12' title="bbox 386 2929 1187 3118">
    <p class='ocr_par' dir='ltr' id='par_1_12' title="bbox 386 2929 1187 3118">
     <span class='ocr_line' id='line_1_21' title="bbox 386 2929 1187 3026; baseline 0.015 -33"><span class='ocrx_word' id='word_1_83' title='bbox 386 2930 460 2995; x_wconf 91' lang='lat' dir='ltr'>loca</span> <span class='ocrx_word' id='word_1_84' title='bbox 492 2929 613 3000; x_wconf 86' lang='lat' dir='ltr'>XLVI.</span> <span class='ocrx_word' id='word_1_85' title='bbox 681 2933 834 3022; x_wconf 78' lang='lat' dir='ltr'>Sepultus</span> <span class='ocrx_word' id='word_1_86' title='bbox 872 2942 922 3002; x_wconf 90' lang='lat' dir='ltr'>est</span> <span class='ocrx_word' id='word_1_87' title='bbox 958 2939 991 3004; x_wconf 90' lang='lat' dir='ltr'>in</span> <span class='ocrx_word' id='word_1_88' title='bbox 1029 2940 1187 3026; x_wconf 88' lang='lat' dir='ltr'>cimityrio</span> 
     </span>
     <span class='ocr_line' id='line_1_22' title="bbox 388 3032 567 3118; baseline 0.022 -22"><span class='ocrx_word' id='word_1_89' title='bbox 388 3032 567 3118; x_wconf 81' lang='lat' dir='ltr'>Priscillae,</span> 
     </span>
    </p>
   </div>
   <div class='ocr_carea' id='block_1_13' title="bbox 386 3153 598 3238">
    <p class='ocr_par' dir='ltr' id='par_1_13' title="bbox 386 3153 598 3238">
     <span class='ocr_line' id='line_1_23' title="bbox 386 3153 598 3238; baseline 0.005 -19"><span class='ocrx_word' id='word_1_90' title='bbox 386 3155 441 3219; x_wconf 78' lang='lat' dir='ltr'>ria</span> <span class='ocrx_word' id='word_1_91' title='bbox 463 3153 598 3238; x_wconf 81' lang='lat' dir='ltr'>Salaria,</span> 
     </span>
    </p>
   </div>
   <div class='ocr_carea' id='block_1_14' title="bbox 384 3273 1186 3443">
    <p class='ocr_par' dir='ltr' id='par_1_14' title="bbox 384 3273 1186 3443">
     <span class='ocr_line' id='line_1_24' title="bbox 384 3273 1186 3443; baseline 0.015 -104"><span class='ocrx_word' id='word_1_92' title='bbox 384 3273 468 3443; x_wconf 45' lang='grc' dir='ltr'>ἕξ</span> <span class='ocrx_word' id='word_1_93' title='bbox 490 3277 536 3343; x_wconf 87' lang='lat' dir='ltr'>kl.</span> <span class='ocrx_word' id='word_1_94' title='bbox 558 3274 661 3364; x_wconf 84' lang='lat' dir='ltr'>April.</span> <span class='ocrx_word' id='word_1_95' title='bbox 717 3277 866 3347; x_wconf 77' lang='lat' dir='ltr'>(lassavit</span> <span class='ocrx_word' id='word_1_96' title='bbox 889 3283 1094 3370; x_wconf 86' lang='lat' dir='ltr'>episcopatus</span> <span class='ocrx_word' id='word_1_97' title='bbox 1117 3285 1186 3350; x_wconf 88' lang='lat' dir='ltr'>diss</span> 
     </span>
    </p>
   </div>
   <div class='ocr_carea' id='block_1_15' title="bbox 384 3569 1186 4082">
    <p class='ocr_par' dir='ltr' id='par_1_15' title="bbox 384 3569 1186 4082">
     <span class='ocr_line' id='line_1_25' title="bbox 428 3569 1184 3666; baseline 0.015 -32"><span class='ocrx_word' id='word_1_98' title='bbox 428 3589 511 3636; x_wconf 85' lang='lat' dir='ltr'>xnvr.</span> <span class='ocrx_word' id='word_1_99' title='bbox 535 3569 672 3653; x_wconf 85' lang='lat' dir='ltr'>errvs,</span> <span class='ocrx_word' id='word_1_100' title='bbox 695 3573 825 3641; x_wconf 89' lang='lat' dir='ltr'>natione</span> <span class='ocrx_word' id='word_1_101' title='bbox 841 3575 1017 3659; x_wconf 87' lang='lat' dir='ltr'>Romanus,</span> <span class='ocrx_word' id='word_1_102' title='bbox 1034 3599 1076 3644; x_wconf 87' lang='lat' dir='ltr'>ex</span> <span class='ocrx_word' id='word_1_103' title='bbox 1091 3586 1184 3666; x_wconf 88' lang='lat' dir='ltr'>patre</span> 
     </span>
     <span class='ocr_line' id='line_1_26' title="bbox 384 3672 1186 3759; baseline 0.016 -23"><span class='ocrx_word' id='word_1_104' title='bbox 384 3672 505 3759; x_wconf 88' lang='lat' dir='ltr'>Xysto,</span> <span class='ocrx_word' id='word_1_105' title='bbox 528 3672 614 3739; x_wconf 88' lang='lat' dir='ltr'>sedit</span> <span class='ocrx_word' id='word_1_106' title='bbox 635 3697 708 3741; x_wconf 88' lang='lat' dir='ltr'>ann.</span> <span class='ocrx_word' id='word_1_107' title='bbox 725 3677 809 3744; x_wconf 94' lang='lat' dir='ltr'>VIII</span> <span class='ocrx_word' id='word_1_108' title='bbox 839 3678 910 3744; x_wconf 88' lang='lat' dir='ltr'>dies</span> <span class='ocrx_word' id='word_1_109' title='bbox 931 3679 1077 3748; x_wconf 91' lang='lat' dir='ltr'>XVIIII.</span> <span class='ocrx_word' id='word_1_110' title='bbox 1122 3684 1186 3750; x_wconf 91' lang='lat' dir='ltr'>Hic</span> 
     </span>
     <span class='ocr_line' id='line_1_27' title="bbox 385 3777 1184 3865; baseline 0.019 -26"><span class='ocrx_word' id='word_1_111' title='bbox 385 3795 405 3840; x_wconf 89' lang='lat' dir='ltr'>a</span> <span class='ocrx_word' id='word_1_112' title='bbox 435 3777 577 3861; x_wconf 89' lang='lat' dir='ltr'>quodam</span> <span class='ocrx_word' id='word_1_113' title='bbox 606 3779 710 3846; x_wconf 89' lang='lat' dir='ltr'>Basso</span> <span class='ocrx_word' id='word_1_114' title='bbox 745 3783 965 3852; x_wconf 86' lang='lat' dir='ltr'>incriminatus</span> <span class='ocrx_word' id='word_1_115' title='bbox 1000 3794 1184 3865; x_wconf 87' lang='lat' dir='ltr'>accusatur;</span> 
     </span>
     <span class='ocr_line' id='line_1_28' title="bbox 385 3883 1185 3978; baseline 0.018 -34"><span class='ocrx_word' id='word_1_116' title='bbox 385 3899 429 3944; x_wconf 84' lang='lat' dir='ltr'>ex</span> <span class='ocrx_word' id='word_1_117' title='bbox 456 3887 613 3968; x_wconf 89' lang='lat' dir='ltr'>precepto</span> <span class='ocrx_word' id='word_1_118' title='bbox 636 3883 824 3952; x_wconf 88' lang='lat' dir='ltr'>Valentiani</span> <span class='ocrx_word' id='word_1_119' title='bbox 853 3885 938 3973; x_wconf 79' lang='lat' dir='ltr'>Aug.</span> <span class='ocrx_word' id='word_1_120' title='bbox 963 3909 1036 3954; x_wconf 91' lang='lat' dir='ltr'>cum</span> <span class='ocrx_word' id='word_1_121' title='bbox 1065 3912 1185 3978; x_wconf 83' lang='lat' dir='ltr'>magna</span> 
     </span>
     <span class='ocr_line' id='line_1_29' title="bbox 385 3985 1185 4082; baseline 0.019 -35"><span class='ocrx_word' id='word_1_122' title='bbox 385 3985 645 4071; x_wconf 85' lang='lat' dir='ltr'>examinatione,</span> <span class='ocrx_word' id='word_1_123' title='bbox 674 3989 795 4055; x_wconf 86' lang='lat' dir='ltr'>facturn</span> <span class='ocrx_word' id='word_1_124' title='bbox 822 3991 997 4078; x_wconf 85' lang='lat' dir='ltr'>synodum,</span> <span class='ocrx_word' id='word_1_125' title='bbox 1029 4004 1185 4082; x_wconf 86' lang='lat' dir='ltr'>purgatur</span> 
     </span>
    </p>
   </div>
   <div class='ocr_carea' id='block_1_16' title="bbox 382 4086 1183 4259">
    <p class='ocr_par' dir='ltr' id='par_1_16' title="bbox 382 4086 1183 4259">
     <span class='ocr_line' id='line_1_30' title="bbox 384 4086 1183 4180; baseline 0.019 -29"><span class='ocrx_word' id='word_1_126' title='bbox 384 4107 404 4151; x_wconf 92' lang='lat' dir='ltr'>a</span> <span class='ocrx_word' id='word_1_127' title='bbox 425 4086 526 4152; x_wconf 91' lang='lat' dir='ltr'>LIIII</span> <span class='ocrx_word' id='word_1_128' title='bbox 550 4091 710 4180; x_wconf 85' lang='lat' dir='ltr'>episcopis</span> <span class='ocrx_word' id='word_1_129' title='bbox 735 4099 768 4160; x_wconf 90' lang='lat' dir='ltr'>et</span> <span class='ocrx_word' id='word_1_130' title='bbox 790 4095 887 4160; x_wconf 89' lang='lat' dir='ltr'>eiecit</span> <span class='ocrx_word' id='word_1_131' title='bbox 902 4095 1040 4162; x_wconf 87' lang='lat' dir='ltr'>Bassum</span> <span class='ocrx_word' id='word_1_132' title='bbox 1060 4119 1183 4166; x_wconf 90' lang='lat' dir='ltr'>acom-</span> 
     </span>
     <span class='ocr_line' id='line_1_31' title="bbox 382 4212 544 4259; baseline 0.019 -3"><span class='ocrx_word' id='word_1_133' title='bbox 382 4212 544 4259; x_wconf 80' lang='lat' dir='ltr'>munione.</span> 
     </span>
    </p>
   </div>
   <div class='ocr_carea' id='block_1_17' title="bbox 380 5369 1177 5461">
    <p class='ocr_par' dir='ltr' id='par_1_17' title="bbox 380 5369 1177 5461">
     <span class='ocr_line' id='line_1_32' title="bbox 380 5369 1177 5461; baseline 0.009 -27"><span class='ocrx_word' id='word_1_134' title='bbox 380 5369 444 5435; x_wconf 89' lang='lat' dir='ltr'>Hic</span> <span class='ocrx_word' id='word_1_135' title='bbox 460 5371 538 5436; x_wconf 88' lang='lat' dir='ltr'>lecit</span> <span class='ocrx_word' id='word_1_136' title='bbox 554 5371 782 5458; x_wconf 86' lang='lat' dir='ltr'>ordinationes,</span> <span class='ocrx_word' id='word_1_137' title='bbox 799 5374 906 5461; x_wconf 90' lang='lat' dir='ltr'>presb.</span> <span class='ocrx_word' id='word_1_138' title='bbox 919 5375 1080 5461; x_wconf 87' lang='lat' dir='ltr'>XXVIII,</span> <span class='ocrx_word' id='word_1_139' title='bbox 1098 5377 1177 5444; x_wconf 89' lang='lat' dir='ltr'>diac.</span> 
     </span>
    </p>
   </div>
   <div class='ocr_carea' id='block_1_18' title="bbox 381 5473 1179 5665">
    <p class='ocr_par' dir='ltr' id='par_1_18' title="bbox 381 5473 1179 5665">
     <span class='ocr_line' id='line_1_33' title="bbox 382 5473 1179 5569; baseline 0.013 -31"><span class='ocrx_word' id='word_1_140' title='bbox 382 5473 499 5559; x_wconf 91' lang='lat' dir='ltr'>XXII,</span> <span class='ocrx_word' id='word_1_141' title='bbox 531 5477 702 5564; x_wconf 89' lang='lat' dir='ltr'>episcopos</span> <span class='ocrx_word' id='word_1_142' title='bbox 732 5499 791 5564; x_wconf 87' lang='lat' dir='ltr'>per</span> <span class='ocrx_word' id='word_1_143' title='bbox 813 5481 885 5545; x_wconf 91' lang='lat' dir='ltr'>loca</span> <span class='ocrx_word' id='word_1_144' title='bbox 907 5480 983 5545; x_wconf 91' lang='lat' dir='ltr'>LlI.</span> <span class='ocrx_word' id='word_1_145' title='bbox 1028 5481 1179 5569; x_wconf 84' lang='lat' dir='ltr'>Sepultus</span> 
     </span>
     <span class='ocr_line' id='line_1_34' title="bbox 381 5579 708 5665; baseline 0.012 -23"><span class='ocrx_word' id='word_1_146' title='bbox 381 5583 432 5642; x_wconf 91' lang='lat' dir='ltr'>est</span> <span class='ocrx_word' id='word_1_147' title='bbox 454 5580 507 5643; x_wconf 85' lang='lat' dir='ltr'>via</span> <span class='ocrx_word' id='word_1_148' title='bbox 529 5579 708 5665; x_wconf 80' lang='lat' dir='ltr'>Tiburtina,</span> 
     </span>
    </p>
   </div>
   <div class='ocr_carea' id='block_1_19' title="bbox 378 5698 537 5785">
    <p class='ocr_par' dir='ltr' id='par_1_19' title="bbox 378 5698 537 5785">
     <span class='ocr_line' id='line_1_35' title="bbox 378 5698 537 5785; baseline 0.006 -23"><span class='ocrx_word' id='word_1_149' title='bbox 378 5698 412 5762; x_wconf 93' lang='lat' dir='ltr'>in</span> <span class='ocrx_word' id='word_1_150' title='bbox 435 5699 537 5785; x_wconf 89' lang='lat' dir='ltr'>cripta</span> 
     </span>
    </p>
   </div>
   <div class='ocr_carea' id='block_1_20' title="bbox 1535 595 1769 652">
    <p class='ocr_par' dir='ltr' id='par_1_20' title="bbox 1535 595 1769 652">
     <span class='ocr_line' id='line_1_36' title="bbox 1535 595 1769 652; baseline -0.009 0"><span class='ocrx_word' id='word_1_151' title='bbox 1535 595 1769 652; x_wconf 77' lang='lat' dir='ltr'>CONONIANA</span> 
     </span>
    </p>
   </div>
   <div class='ocr_carea' id='block_1_21' title="bbox 1247 819 2071 908">
    <p class='ocr_par' dir='ltr' id='par_1_21' title="bbox 1247 819 2071 908">
     <span class='ocr_line' id='line_1_37' title="bbox 1247 819 2071 908; baseline -0.002 -21"><span class='ocrx_word' id='word_1_152' title='bbox 1247 822 1355 908; x_wconf 88' lang='lat' dir='ltr'>presb.</span> <span class='ocrx_word' id='word_1_153' title='bbox 1373 822 1474 902; x_wconf 89' lang='lat' dir='ltr'>XIII,</span> <span class='ocrx_word' id='word_1_154' title='bbox 1500 822 1580 887; x_wconf 92' lang='lat' dir='ltr'>diac.</span> <span class='ocrx_word' id='word_1_155' title='bbox 1604 822 1672 904; x_wconf 93' lang='grc' dir='ltr'><strong>ΙΙΙ,</strong></span> <span class='ocrx_word' id='word_1_156' title='bbox 1697 823 1866 908; x_wconf 90' lang='lat' dir='ltr'>episcopos</span> <span class='ocrx_word' id='word_1_157' title='bbox 1888 819 2071 886; x_wconf 89' lang='lat' dir='ltr'>XXXVI.</span> 
     </span>
    </p>
   </div>
   <div class='ocr_carea' id='block_1_22' title="bbox 1246 925 2071 1096">
    <p class='ocr_par' dir='ltr' id='par_1_22' title="bbox 1246 925 2071 1096">
     <span class='ocr_line' id='line_1_38' title="bbox 1248 925 2071 1014; baseline 0 -24"><span class='ocrx_word' id='word_1_158' title='bbox 1248 925 1310 1000; x_wconf 86' lang='lat' dir='ltr'>Qui</span> <span class='ocrx_word' id='word_1_159' title='bbox 1334 927 1432 991; x_wconf 91' lang='lat' dir='ltr'>etiam</span> <span class='ocrx_word' id='word_1_160' title='bbox 1448 927 1593 1014; x_wconf 90' lang='lat' dir='ltr'>sepultus</span> <span class='ocrx_word' id='word_1_161' title='bbox 1617 933 1667 992; x_wconf 88' lang='lat' dir='ltr'>est</span> <span class='ocrx_word' id='word_1_162' title='bbox 1688 927 1721 992; x_wconf 94' lang='lat' dir='ltr'>in</span> <span class='ocrx_word' id='word_1_163' title='bbox 1742 926 1898 991; x_wconf 86' lang='lat' dir='ltr'>cimiterio</span> <span class='ocrx_word' id='word_1_164' title='bbox 1918 931 2071 990; x_wconf 85' lang='lat' dir='ltr'>sanctae</span> 
     </span>
     <span class='ocr_line' id='line_1_39' title="bbox 1246 1029 1425 1096; baseline 0 -2"><span class='ocrx_word' id='word_1_165' title='bbox 1246 1029 1425 1096; x_wconf 78' lang='lat' dir='ltr'>Felicitatis</span> 
     </span>
    </p>
   </div>
   <div class='ocr_carea' id='block_1_23' title="bbox 1246 1269 2071 1442">
    <p class='ocr_par' dir='ltr' id='par_1_23' title="bbox 1246 1269 2071 1442">
     <span class='ocr_line' id='line_1_40' title="bbox 1246 1269 2071 1361; baseline 0.002 -26"><span class='ocrx_word' id='word_1_166' title='bbox 1246 1269 1330 1336; x_wconf 94' lang='lat' dir='ltr'>VIII</span> <span class='ocrx_word' id='word_1_167' title='bbox 1345 1271 1376 1336; x_wconf 86' lang='lat' dir='ltr'>lr.</span> <span class='ocrx_word' id='word_1_168' title='bbox 1392 1271 1551 1338; x_wconf 82' lang='lat' dir='ltr'>Novemb.</span> <span class='ocrx_word' id='word_1_169' title='bbox 1593 1271 1740 1338; x_wconf 79' lang='lat' dir='ltr'>Cessavit</span> <span class='ocrx_word' id='word_1_170' title='bbox 1757 1273 1968 1361; x_wconf 87' lang='lat' dir='ltr'>episcopatus</span> <span class='ocrx_word' id='word_1_171' title='bbox 1986 1271 2071 1337; x_wconf 92' lang='lat' dir='ltr'>dies</span> 
     </span>
     <span class='ocr_line' id='line_1_41' title="bbox 1246 1373 1359 1442; baseline 0.018 -2"><span class='ocrx_word' id='word_1_172' title='bbox 1246 1373 1359 1442; x_wconf 93' lang='lat' dir='ltr'>VIIII.</span> 
     </span>
    </p>
   </div>
   <div class='ocr_carea' id='block_1_24' title="bbox 1245 1579 2068 1770">
    <p class='ocr_par' dir='ltr' id='par_1_24' title="bbox 1245 1579 2068 1770">
     <span class='ocr_line' id='line_1_42' title="bbox 1289 1579 2068 1670; baseline 0.004 -24"><span class='ocrx_word' id='word_1_173' title='bbox 1289 1600 1359 1646; x_wconf 79' lang='lat' dir='ltr'>xcv.</span> <span class='ocrx_word' id='word_1_174' title='bbox 1384 1579 1606 1664; x_wconf 76' lang='lat' dir='ltr'>Gunnssrruvs,</span> <span class='ocrx_word' id='word_1_175' title='bbox 1628 1583 1760 1648; x_wconf 89' lang='lat' dir='ltr'>natione</span> <span class='ocrx_word' id='word_1_176' title='bbox 1785 1581 1986 1670; x_wconf 82' lang='lat' dir='ltr'>Campanus,</span> <span class='ocrx_word' id='word_1_177' title='bbox 2015 1605 2068 1650; x_wconf 85' lang='lat' dir='ltr'>ex</span> 
     </span>
     <span class='ocr_line' id='line_1_43' title="bbox 1245 1685 2067 1770; baseline 0.004 -21"><span class='ocrx_word' id='word_1_178' title='bbox 1245 1689 1338 1770; x_wconf 89' lang='lat' dir='ltr'>patre</span> <span class='ocrx_word' id='word_1_179' title='bbox 1355 1686 1475 1766; x_wconf 91' lang='lat' dir='ltr'>Prisco,</span> <span class='ocrx_word' id='word_1_180' title='bbox 1499 1685 1584 1750; x_wconf 86' lang='lat' dir='ltr'>sedit</span> <span class='ocrx_word' id='word_1_181' title='bbox 1606 1707 1657 1752; x_wconf 92' lang='lat' dir='ltr'>an.</span> <span class='ocrx_word' id='word_1_182' title='bbox 1674 1686 1774 1750; x_wconf 93' lang='lat' dir='ltr'>VIIll</span> <span class='ocrx_word' id='word_1_183' title='bbox 1799 1707 1898 1751; x_wconf 88' lang='lat' dir='ltr'>mens.</span> <span class='ocrx_word' id='word_1_184' title='bbox 1922 1687 1957 1750; x_wconf 94' lang='lat' dir='ltr'>X</span> <span class='ocrx_word' id='word_1_185' title='bbox 1983 1687 2067 1752; x_wconf 89' lang='lat' dir='ltr'>dies</span> 
     </span>
    </p>
   </div>
   <div class='ocr_carea' id='block_1_25' title="bbox 1245 1787 1936 1875">
    <p class='ocr_par' dir='ltr' id='par_1_25' title="bbox 1245 1787 1936 1875">
     <span class='ocr_line' id='line_1_44' title="bbox 1245 1787 1936 1875; baseline 0.003 -23"><span class='ocrx_word' id='word_1_186' title='bbox 1245 1787 1354 1853; x_wconf 92' lang='lat' dir='ltr'>XVII.</span> <span class='ocrx_word' id='word_1_187' title='bbox 1401 1788 1464 1853; x_wconf 91' lang='lat' dir='ltr'>Hic</span> <span class='ocrx_word' id='word_1_188' title='bbox 1486 1789 1661 1871; x_wconf 88' lang='lat' dir='ltr'>constituit,</span> <span class='ocrx_word' id='word_1_189' title='bbox 1683 1796 1719 1855; x_wconf 90' lang='lat' dir='ltr'>ut</span> <span class='ocrx_word' id='word_1_190' title='bbox 1742 1790 1856 1875; x_wconf 86' lang='lat' dir='ltr'>psalmi</span> <span class='ocrx_word' id='word_1_191' title='bbox 1880 1789 1936 1854; x_wconf 79' lang='lat' dir='ltr'>CL</span> 
     </span>
    </p>
   </div>
   <div class='ocr_carea' id='block_1_26' title="bbox 1244 2031 2063 2214">
    <p class='ocr_par' dir='ltr' id='par_1_26' title="bbox 1244 2031 2063 2214">
     <span class='ocr_line' id='line_1_45' title="bbox 1245 2031 2063 2118; baseline 0.006 -25"><span class='ocrx_word' id='word_1_192' title='bbox 1245 2035 1320 2094; x_wconf 90' lang='lat' dir='ltr'>anta</span> <span class='ocrx_word' id='word_1_193' title='bbox 1344 2033 1533 2098; x_wconf 87' lang='lat' dir='ltr'>sacrificium</span> <span class='ocrx_word' id='word_1_194' title='bbox 1556 2033 1665 2118; x_wconf 88' lang='lat' dir='ltr'>psalli,</span> <span class='ocrx_word' id='word_1_195' title='bbox 1690 2031 1777 2118; x_wconf 90' lang='lat' dir='ltr'>quod</span> <span class='ocrx_word' id='word_1_196' title='bbox 1799 2039 1875 2100; x_wconf 87' lang='lat' dir='ltr'>ante</span> <span class='ocrx_word' id='word_1_197' title='bbox 1897 2054 1966 2097; x_wconf 93' lang='lat' dir='ltr'>non</span> <span class='ocrx_word' id='word_1_198' title='bbox 1991 2035 2063 2100; x_wconf 86' lang='lat' dir='ltr'>fie-</span> 
     </span>
     <span class='ocr_line' id='line_1_46' title="bbox 1244 2132 1543 2214; baseline 0.02 -17"><span class='ocrx_word' id='word_1_199' title='bbox 1244 2132 1311 2214; x_wconf 89' lang='lat' dir='ltr'>bat,</span> <span class='ocrx_word' id='word_1_200' title='bbox 1335 2135 1395 2200; x_wconf 92' lang='lat' dir='ltr'>nisi</span> <span class='ocrx_word' id='word_1_201' title='bbox 1418 2142 1543 2202; x_wconf 89' lang='lat' dir='ltr'>tantum</span> 
     </span>
    </p>
   </div>
   <div class='ocr_carea' id='block_1_27' title="bbox 1244 2254 1442 2320">
    <p class='ocr_par' dir='ltr' id='par_1_27' title="bbox 1244 2254 1442 2320">
     <span class='ocr_line' id='line_1_47' title="bbox 1244 2254 1442 2320; baseline 0.02 -3"><span class='ocrx_word' id='word_1_202' title='bbox 1244 2254 1442 2320; x_wconf 86' lang='lat' dir='ltr'>recitabatur</span> 
     </span>
    </p>
   </div>
   <div class='ocr_carea' id='block_1_28' title="bbox 1242 2376 2060 2668">
    <p class='ocr_par' dir='ltr' id='par_1_28' title="bbox 1242 2376 2060 2668">
     <span class='ocr_line' id='line_1_48' title="bbox 1243 2376 2059 2463; baseline 0.007 -23"><span class='ocrx_word' id='word_1_203' title='bbox 1243 2376 1381 2461; x_wconf 86' lang='lat' dir='ltr'>epistola</span> <span class='ocrx_word' id='word_1_204' title='bbox 1408 2376 1502 2442; x_wconf 92' lang='lat' dir='ltr'>Pauli</span> <span class='ocrx_word' id='word_1_205' title='bbox 1531 2377 1670 2463; x_wconf 87' lang='lat' dir='ltr'>apostoli</span> <span class='ocrx_word' id='word_1_206' title='bbox 1704 2384 1737 2441; x_wconf 90' lang='lat' dir='ltr'>et</span> <span class='ocrx_word' id='word_1_207' title='bbox 1767 2383 1912 2443; x_wconf 88' lang='lat' dir='ltr'>sanctum</span> <span class='ocrx_word' id='word_1_208' title='bbox 1943 2401 2059 2446; x_wconf 87' lang='lat' dir='ltr'>euan-</span> 
     </span>
     <span class='ocr_line' id='line_1_49' title="bbox 1242 2479 2060 2564; baseline 0.007 -21"><span class='ocrx_word' id='word_1_209' title='bbox 1242 2479 1374 2564; x_wconf 85' lang='lat' dir='ltr'>gelium,</span> <span class='ocrx_word' id='word_1_210' title='bbox 1399 2487 1432 2545; x_wconf 89' lang='lat' dir='ltr'>et</span> <span class='ocrx_word' id='word_1_211' title='bbox 1453 2481 1576 2546; x_wconf 90' lang='lat' dir='ltr'>fiebant</span> <span class='ocrx_word' id='word_1_212' title='bbox 1598 2483 1724 2546; x_wconf 86' lang='lat' dir='ltr'>missac.</span> <span class='ocrx_word' id='word_1_213' title='bbox 1771 2481 1833 2547; x_wconf 90' lang='lat' dir='ltr'>Hic</span> <span class='ocrx_word' id='word_1_214' title='bbox 1856 2482 1934 2548; x_wconf 86' lang='lat' dir='ltr'>fecit</span> <span class='ocrx_word' id='word_1_215' title='bbox 1960 2485 2060 2549; x_wconf 92' lang='lat' dir='ltr'>ordi-</span> 
     </span>
     <span class='ocr_line' id='line_1_50' title="bbox 1242 2583 1474 2668; baseline 0.004 -21"><span class='ocrx_word' id='word_1_216' title='bbox 1242 2583 1389 2648; x_wconf 91' lang='lat' dir='ltr'>nationes</span> <span class='ocrx_word' id='word_1_217' title='bbox 1411 2584 1474 2668; x_wconf 94' lang='lat' dir='ltr'>III,</span> 
     </span>
    </p>
   </div>
   <div class='ocr_carea' id='block_1_29' title="bbox 1240 2824 2056 3017">
    <p class='ocr_par' dir='ltr' id='par_1_29' title="bbox 1240 2824 2056 3017">
     <span class='ocr_line' id='line_1_51' title="bbox 1240 2824 2056 2912; baseline 0.012 -24"><span class='ocrx_word' id='word_1_218' title='bbox 1240 2825 1349 2910; x_wconf 90' lang='lat' dir='ltr'>presb.</span> <span class='ocrx_word' id='word_1_219' title='bbox 1366 2824 1509 2908; x_wconf 89' lang='lat' dir='ltr'>XXXII,</span> <span class='ocrx_word' id='word_1_220' title='bbox 1534 2826 1616 2894; x_wconf 90' lang='lat' dir='ltr'>diac.</span> <span class='ocrx_word' id='word_1_221' title='bbox 1632 2825 1711 2906; x_wconf 91' lang='lat' dir='ltr'>XII,</span> <span class='ocrx_word' id='word_1_222' title='bbox 1735 2827 1906 2912; x_wconf 86' lang='lat' dir='ltr'>episcopos</span> <span class='ocrx_word' id='word_1_223' title='bbox 1922 2827 2056 2899; x_wconf 89' lang='lat' dir='ltr'>XLVI.</span> 
     </span>
     <span class='ocr_line' id='line_1_52' title="bbox 1242 2927 1935 3017; baseline 0.004 -24"><span class='ocrx_word' id='word_1_224' title='bbox 1242 2927 1459 3017; x_wconf 82' lang='lat' dir='ltr'>Sepultusque</span> <span class='ocrx_word' id='word_1_225' title='bbox 1483 2937 1533 2996; x_wconf 89' lang='lat' dir='ltr'>cst</span> <span class='ocrx_word' id='word_1_226' title='bbox 1555 2933 1588 2996; x_wconf 91' lang='lat' dir='ltr'>in</span> <span class='ocrx_word' id='word_1_227' title='bbox 1610 2930 1766 2996; x_wconf 91' lang='lat' dir='ltr'>cimiterio</span> <span class='ocrx_word' id='word_1_228' title='bbox 1790 2930 1935 2996; x_wconf 85' lang='lat' dir='ltr'>Priscilla</span> 
     </span>
    </p>
   </div>
   <div class='ocr_carea' id='block_1_30' title="bbox 1239 3273 2053 3443">
    <p class='ocr_par' dir='ltr' id='par_1_30' title="bbox 1239 3273 2053 3443">
     <span class='ocr_line' id='line_1_53' title="bbox 1239 3273 2053 3364; baseline 0.007 -27"><span class='ocrx_word' id='word_1_229' title='bbox 1239 3273 1324 3338; x_wconf 92' lang='lat' dir='ltr'>VIII</span> <span class='ocrx_word' id='word_1_230' title='bbox 1346 3274 1389 3339; x_wconf 88' lang='lat' dir='ltr'>id.</span> <span class='ocrx_word' id='word_1_231' title='bbox 1422 3273 1524 3362; x_wconf 83' lang='lat' dir='ltr'>April.</span> <span class='ocrx_word' id='word_1_232' title='bbox 1585 3275 1628 3340; x_wconf 80' lang='lat' dir='ltr'>nt</span> <span class='ocrx_word' id='word_1_233' title='bbox 1661 3276 1800 3342; x_wconf 83' lang='lat' dir='ltr'>cessarit</span> <span class='ocrx_word' id='word_1_234' title='bbox 1836 3275 2053 3364; x_wconf 87' lang='lat' dir='ltr'>episcopatus</span> 
     </span>
     <span class='ocr_line' id='line_1_54' title="bbox 1239 3377 1425 3443; baseline -0.005 0"><span class='ocrx_word' id='word_1_235' title='bbox 1239 3377 1309 3443; x_wconf 90' lang='lat' dir='ltr'>dies</span> <span class='ocrx_word' id='word_1_236' title='bbox 1331 3377 1425 3443; x_wconf 91' lang='lat' dir='ltr'>XXI.</span> 
     </span>
    </p>
   </div>
   <div class='ocr_carea' id='block_1_31' title="bbox 1236 3568 2047 4257">
    <p class='ocr_par' dir='ltr' id='par_1_31' title="bbox 1236 3568 2047 4257">
     <span class='ocr_line' id='line_1_55' title="bbox 1280 3568 2047 3657; baseline 0.008 -26"><span class='ocrx_word' id='word_1_237' title='bbox 1280 3586 1362 3632; x_wconf 80' lang='lat' dir='ltr'>xcvi.</span> <span class='ocrx_word' id='word_1_238' title='bbox 1387 3568 1513 3650; x_wconf 74' lang='lat' dir='ltr'>Susura,</span> <span class='ocrx_word' id='word_1_239' title='bbox 1535 3571 1666 3635; x_wconf 89' lang='lat' dir='ltr'>natione</span> <span class='ocrx_word' id='word_1_240' title='bbox 1682 3569 1857 3652; x_wconf 86' lang='lat' dir='ltr'>Romanus,</span> <span class='ocrx_word' id='word_1_241' title='bbox 1881 3591 1924 3635; x_wconf 84' lang='lat' dir='ltr'>ex</span> <span class='ocrx_word' id='word_1_242' title='bbox 1947 3577 2047 3657; x_wconf 89' lang='lat' dir='ltr'>patre</span> 
     </span>
     <span class='ocr_line' id='line_1_56' title="bbox 1238 3669 2047 3757; baseline 0.01 -24"><span class='ocrx_word' id='word_1_243' title='bbox 1238 3669 1358 3757; x_wconf 86' lang='lat' dir='ltr'>Xysto,</span> <span class='ocrx_word' id='word_1_244' title='bbox 1381 3671 1465 3738; x_wconf 91' lang='lat' dir='ltr'>sedit</span> <span class='ocrx_word' id='word_1_245' title='bbox 1498 3694 1549 3739; x_wconf 89' lang='lat' dir='ltr'>an.</span> <span class='ocrx_word' id='word_1_246' title='bbox 1572 3674 1657 3738; x_wconf 93' lang='lat' dir='ltr'>VIII</span> <span class='ocrx_word' id='word_1_247' title='bbox 1685 3674 1755 3739; x_wconf 88' lang='lat' dir='ltr'>dies</span> <span class='ocrx_word' id='word_1_248' title='bbox 1775 3673 1920 3739; x_wconf 91' lang='lat' dir='ltr'>XVIIII.</span> <span class='ocrx_word' id='word_1_249' title='bbox 1978 3674 2047 3741; x_wconf 90' lang='lat' dir='ltr'>Hic</span> 
     </span>
     <span class='ocr_line' id='line_1_57' title="bbox 1237 3773 2045 3864; baseline 0.007 -26"><span class='ocrx_word' id='word_1_250' title='bbox 1237 3794 1257 3838; x_wconf 91' lang='lat' dir='ltr'>a</span> <span class='ocrx_word' id='word_1_251' title='bbox 1280 3775 1420 3861; x_wconf 90' lang='lat' dir='ltr'>quodam</span> <span class='ocrx_word' id='word_1_252' title='bbox 1436 3777 1539 3844; x_wconf 87' lang='lat' dir='ltr'>Basso</span> <span class='ocrx_word' id='word_1_253' title='bbox 1562 3773 1796 3853; x_wconf 73' lang='lat' dir='ltr'>incriminatur,</span> <span class='ocrx_word' id='word_1_254' title='bbox 1821 3783 1854 3843; x_wconf 93' lang='lat' dir='ltr'>et</span> <span class='ocrx_word' id='word_1_255' title='bbox 1877 3798 1920 3842; x_wconf 83' lang='lat' dir='ltr'>ax</span> <span class='ocrx_word' id='word_1_256' title='bbox 1942 3799 2045 3864; x_wconf 89' lang='lat' dir='ltr'>prae-</span> 
     </span>
     <span class='ocr_line' id='line_1_58' title="bbox 1237 3879 2045 3968; baseline 0.006 -25"><span class='ocrx_word' id='word_1_257' title='bbox 1237 3884 1333 3965; x_wconf 88' lang='lat' dir='ltr'>cepto</span> <span class='ocrx_word' id='word_1_258' title='bbox 1351 3879 1570 3948; x_wconf 89' lang='lat' dir='ltr'>Valentiniani</span> <span class='ocrx_word' id='word_1_259' title='bbox 1593 3881 1679 3968; x_wconf 82' lang='lat' dir='ltr'>Aug.</span> <span class='ocrx_word' id='word_1_260' title='bbox 1708 3903 1782 3948; x_wconf 88' lang='lat' dir='ltr'>cunr</span> <span class='ocrx_word' id='word_1_261' title='bbox 1810 3902 1929 3968; x_wconf 86' lang='lat' dir='ltr'>magna</span> <span class='ocrx_word' id='word_1_262' title='bbox 1960 3903 2045 3948; x_wconf 86' lang='lat' dir='ltr'>cxa-</span> 
     </span>
     <span class='ocr_line' id='line_1_59' title="bbox 1237 3983 2044 4073; baseline 0.004 -26"><span class='ocrx_word' id='word_1_263' title='bbox 1237 3983 1428 4068; x_wconf 88' lang='lat' dir='ltr'>minatione,</span> <span class='ocrx_word' id='word_1_264' title='bbox 1457 3985 1542 4050; x_wconf 86' lang='lat' dir='ltr'>facto</span> <span class='ocrx_word' id='word_1_265' title='bbox 1572 3985 1711 4073; x_wconf 86' lang='lat' dir='ltr'>synodo,</span> <span class='ocrx_word' id='word_1_266' title='bbox 1740 3991 1897 4071; x_wconf 84' lang='lat' dir='ltr'>purgatur</span> <span class='ocrx_word' id='word_1_267' title='bbox 1919 4007 1939 4050; x_wconf 89' lang='lat' dir='ltr'>e</span> <span class='ocrx_word' id='word_1_268' title='bbox 1961 3986 2044 4051; x_wconf 91' lang='lat' dir='ltr'>LVI</span> 
     </span>
     <span class='ocr_line' id='line_1_60' title="bbox 1237 4088 2043 4174; baseline 0.005 -24"><span class='ocrx_word' id='word_1_269' title='bbox 1237 4088 1398 4174; x_wconf 91' lang='lat' dir='ltr'>episcopis</span> <span class='ocrx_word' id='word_1_270' title='bbox 1436 4097 1469 4154; x_wconf 93' lang='lat' dir='ltr'>et</span> <span class='ocrx_word' id='word_1_271' title='bbox 1507 4096 1685 4174; x_wconf 88' lang='lat' dir='ltr'>egecerunt</span> <span class='ocrx_word' id='word_1_272' title='bbox 1721 4089 1859 4154; x_wconf 88' lang='lat' dir='ltr'>Bassum</span> <span class='ocrx_word' id='word_1_273' title='bbox 1897 4111 1916 4153; x_wconf 90' lang='lat' dir='ltr'>a</span> <span class='ocrx_word' id='word_1_274' title='bbox 1949 4111 2043 4154; x_wconf 89' lang='lat' dir='ltr'>com-</span> 
     </span>
     <span class='ocr_line' id='line_1_61' title="bbox 1236 4193 1397 4257; baseline 0.006 -2"><span class='ocrx_word' id='word_1_275' title='bbox 1236 4193 1397 4257; x_wconf 91' lang='lat' dir='ltr'>munione.</span> 
     </span>
    </p>
   </div>
   <div class='ocr_carea' id='block_1_32' title="bbox 1232 4310 2044 5335">
    <p class='ocr_par' dir='ltr' id='par_1_32' title="bbox 1232 4310 2044 5335">
     <span class='ocr_line' id='line_1_62' title="bbox 1237 4310 2044 4382; baseline 0.007 -7"><span class='ocrx_word' id='word_1_276' title='bbox 1237 4310 1301 4376; x_wconf 93' lang='lat' dir='ltr'>Hic</span> <span class='ocrx_word' id='word_1_277' title='bbox 1333 4311 1412 4376; x_wconf 86' lang='lat' dir='ltr'>fecit</span> <span class='ocrx_word' id='word_1_278' title='bbox 1447 4312 1580 4378; x_wconf 88' lang='lat' dir='ltr'>basilica</span> <span class='ocrx_word' id='word_1_279' title='bbox 1620 4318 1752 4378; x_wconf 89' lang='lat' dir='ltr'>sanctae</span> <span class='ocrx_word' id='word_1_280' title='bbox 1790 4313 1913 4382; x_wconf 86' lang='lat' dir='ltr'>Mariae</span> <span class='ocrx_word' id='word_1_281' title='bbox 1949 4316 2044 4381; x_wconf 84' lang='lat' dir='ltr'>iuxta</span> 
     </span>
     <span class='ocr_line' id='line_1_63' title="bbox 1236 4415 2043 4486; baseline 0.009 -7"><span class='ocrx_word' id='word_1_282' title='bbox 1236 4415 1409 4480; x_wconf 89' lang='lat' dir='ltr'>macellum</span> <span class='ocrx_word' id='word_1_283' title='bbox 1447 4415 1562 4481; x_wconf 91' lang='lat' dir='ltr'>Libiae</span> <span class='ocrx_word' id='word_1_284' title='bbox 1601 4423 1635 4481; x_wconf 87' lang='lat' dir='ltr'>et</span> <span class='ocrx_word' id='word_1_285' title='bbox 1674 4419 1910 4484; x_wconf 84' lang='lat' dir='ltr'>confessionem</span> <span class='ocrx_word' id='word_1_286' title='bbox 1948 4420 2043 4486; x_wconf 90' lang='lat' dir='ltr'>beati</span> 
     </span>
     <span class='ocr_line' id='line_1_64' title="bbox 1237 4507 2040 4609; baseline 0.007 -27"><span class='ocrx_word' id='word_1_287' title='bbox 1237 4517 1325 4582; x_wconf 89' lang='lat' dir='ltr'>Petri</span> <span class='ocrx_word' id='word_1_288' title='bbox 1341 4521 1480 4605; x_wconf 88' lang='lat' dir='ltr'>apostoli</span> <span class='ocrx_word' id='word_1_289' title='bbox 1496 4507 1666 4586; x_wconf 86' lang='lat' dir='ltr'>exornavit</span> <span class='ocrx_word' id='word_1_290' title='bbox 1689 4521 1729 4587; x_wconf 90' lang='lat' dir='ltr'>de</span> <span class='ocrx_word' id='word_1_291' title='bbox 1746 4529 1893 4609; x_wconf 83' lang='lat' dir='ltr'>argento.</span> <span class='ocrx_word' id='word_1_292' title='bbox 1931 4522 2040 4588; x_wconf 91' lang='lat' dir='ltr'>Huius</span> 
     </span>
     <span class='ocr_line' id='line_1_65' title="bbox 1237 4623 2038 4712; baseline 0.01 -26"><span class='ocrx_word' id='word_1_293' title='bbox 1237 4623 1436 4709; x_wconf 89' lang='lat' dir='ltr'>temporibus</span> <span class='ocrx_word' id='word_1_294' title='bbox 1452 4623 1699 4690; x_wconf 89' lang='lat' dir='ltr'>Valentinianus</span> <span class='ocrx_word' id='word_1_295' title='bbox 1715 4627 1802 4712; x_wconf 83' lang='lat' dir='ltr'>Aug.</span> <span class='ocrx_word' id='word_1_296' title='bbox 1827 4629 1953 4693; x_wconf 88' lang='lat' dir='ltr'>ornavit</span> <span class='ocrx_word' id='word_1_297' title='bbox 1976 4629 2038 4694; x_wconf 91' lang='lat' dir='ltr'>ba-</span> 
     </span>
     <span class='ocr_line' id='line_1_66' title="bbox 1236 4727 2038 4818; baseline 0.009 -27"><span class='ocrx_word' id='word_1_298' title='bbox 1236 4727 1341 4792; x_wconf 89' lang='lat' dir='ltr'>silicas</span> <span class='ocrx_word' id='word_1_299' title='bbox 1364 4727 1453 4792; x_wconf 89' lang='lat' dir='ltr'>beati</span> <span class='ocrx_word' id='word_1_300' title='bbox 1469 4728 1559 4793; x_wconf 91' lang='lat' dir='ltr'>Petri</span> <span class='ocrx_word' id='word_1_301' title='bbox 1583 4735 1617 4794; x_wconf 89' lang='lat' dir='ltr'>et</span> <span class='ocrx_word' id='word_1_302' title='bbox 1631 4729 1727 4795; x_wconf 90' lang='lat' dir='ltr'>Pauli</span> <span class='ocrx_word' id='word_1_303' title='bbox 1750 4751 1793 4794; x_wconf 83' lang='lat' dir='ltr'>ex</span> <span class='ocrx_word' id='word_1_304' title='bbox 1816 4752 1894 4797; x_wconf 90' lang='lat' dir='ltr'>auro</span> <span class='ocrx_word' id='word_1_305' title='bbox 1918 4753 2038 4818; x_wconf 88' lang='lat' dir='ltr'>argen-</span> 
     </span>
     <span class='ocr_line' id='line_1_67' title="bbox 1235 4833 2039 4918; baseline 0.007 -23"><span class='ocrx_word' id='word_1_306' title='bbox 1235 4835 1334 4917; x_wconf 91' lang='lat' dir='ltr'>toque</span> <span class='ocrx_word' id='word_1_307' title='bbox 1356 4833 1548 4918; x_wconf 91' lang='lat' dir='ltr'>plurimum,</span> <span class='ocrx_word' id='word_1_308' title='bbox 1573 4837 1606 4896; x_wconf 91' lang='lat' dir='ltr'>et</span> <span class='ocrx_word' id='word_1_309' title='bbox 1628 4835 1661 4898; x_wconf 93' lang='lat' dir='ltr'>in</span> <span class='ocrx_word' id='word_1_310' title='bbox 1686 4833 1953 4900; x_wconf 75' lang='lat' dir='ltr'>Constantiniana</span> <span class='ocrx_word' id='word_1_311' title='bbox 1978 4835 2039 4901; x_wconf 90' lang='lat' dir='ltr'>ba-</span> 
     </span>
     <span class='ocr_line' id='line_1_68' title="bbox 1234 4935 2039 5026; baseline 0.009 -28"><span class='ocrx_word' id='word_1_312' title='bbox 1234 4935 1323 4999; x_wconf 91' lang='lat' dir='ltr'>silica</span> <span class='ocrx_word' id='word_1_313' title='bbox 1338 4936 1416 5000; x_wconf 84' lang='lat' dir='ltr'>fecit</span> <span class='ocrx_word' id='word_1_314' title='bbox 1431 4935 1594 5022; x_wconf 85' lang='lat' dir='ltr'>fastigium</span> <span class='ocrx_word' id='word_1_315' title='bbox 1611 4945 1813 5023; x_wconf 89' lang='lat' dir='ltr'>argenteum,</span> <span class='ocrx_word' id='word_1_316' title='bbox 1827 4939 1914 5026; x_wconf 92' lang='lat' dir='ltr'>quod</span> <span class='ocrx_word' id='word_1_317' title='bbox 1929 4939 2039 5004; x_wconf 89' lang='lat' dir='ltr'>abar-</span> 
     </span>
     <span class='ocr_line' id='line_1_69' title="bbox 1234 5036 2038 5129; baseline 0.006 -27"><span class='ocrx_word' id='word_1_318' title='bbox 1234 5036 1320 5102; x_wconf 89' lang='lat' dir='ltr'>baris</span> <span class='ocrx_word' id='word_1_319' title='bbox 1342 5039 1505 5105; x_wconf 88' lang='lat' dir='ltr'>sublatum</span> <span class='ocrx_word' id='word_1_320' title='bbox 1532 5041 1652 5124; x_wconf 86' lang='lat' dir='ltr'>fuerat,</span> <span class='ocrx_word' id='word_1_321' title='bbox 1685 5048 1721 5107; x_wconf 91' lang='lat' dir='ltr'>et</span> <span class='ocrx_word' id='word_1_322' title='bbox 1753 5045 1786 5108; x_wconf 93' lang='lat' dir='ltr'>in</span> <span class='ocrx_word' id='word_1_323' title='bbox 1814 5044 1894 5109; x_wconf 90' lang='lat' dir='ltr'>alias</span> <span class='ocrx_word' id='word_1_324' title='bbox 1923 5065 2038 5129; x_wconf 88' lang='lat' dir='ltr'>quam·</span> 
     </span>
     <span class='ocr_line' id='line_1_70' title="bbox 1233 5142 2041 5226; baseline 0.01 -21"><span class='ocrx_word' id='word_1_325' title='bbox 1233 5142 1342 5226; x_wconf 88' lang='lat' dir='ltr'>plures</span> <span class='ocrx_word' id='word_1_326' title='bbox 1357 5143 1507 5210; x_wconf 90' lang='lat' dir='ltr'>basilicas</span> <span class='ocrx_word' id='word_1_327' title='bbox 1523 5144 1688 5211; x_wconf 91' lang='lat' dir='ltr'>Romanas</span> <span class='ocrx_word' id='word_1_328' title='bbox 1701 5147 1803 5212; x_wconf 89' lang='lat' dir='ltr'>multa</span> <span class='ocrx_word' id='word_1_329' title='bbox 1819 5147 1903 5212; x_wconf 90' lang='lat' dir='ltr'>dona</span> <span class='ocrx_word' id='word_1_330' title='bbox 1920 5148 2041 5214; x_wconf 89' lang='lat' dir='ltr'>obtulit</span> 
     </span>
     <span class='ocr_line' id='line_1_71' title="bbox 1232 5244 1597 5335; baseline 0.025 -26"><span class='ocrx_word' id='word_1_331' title='bbox 1232 5244 1477 5313; x_wconf 89' lang='lat' dir='ltr'>Valentinianus</span> <span class='ocrx_word' id='word_1_332' title='bbox 1500 5247 1597 5335; x_wconf 78' lang='lat' dir='ltr'>Aug..</span> 
     </span>
    </p>
   </div>
   <div class='ocr_carea' id='block_1_33' title="bbox 1231 5381 2039 5677">
    <p class='ocr_par' dir='ltr' id='par_1_33' title="bbox 1231 5381 2039 5677">
     <span class='ocr_line' id='line_1_72' title="bbox 1231 5381 2038 5474; baseline 0.012 -28"><span class='ocrx_word' id='word_1_333' title='bbox 1231 5381 1325 5447; x_wconf 82' lang='lat' dir='ltr'>Fecit</span> <span class='ocrx_word' id='word_1_334' title='bbox 1340 5383 1558 5452; x_wconf 90' lang='lat' dir='ltr'>ordinationes</span> <span class='ocrx_word' id='word_1_335' title='bbox 1571 5386 1634 5468; x_wconf 94' lang='lat' dir='ltr'>III,</span> <span class='ocrx_word' id='word_1_336' title='bbox 1649 5387 1756 5474; x_wconf 89' lang='lat' dir='ltr'>presb.</span> <span class='ocrx_word' id='word_1_337' title='bbox 1770 5388 1930 5472; x_wconf 91' lang='lat' dir='ltr'>XXVIII,</span> <span class='ocrx_word' id='word_1_338' title='bbox 1952 5389 2038 5456; x_wconf 91' lang='lat' dir='ltr'>diac.</span> 
     </span>
     <span class='ocr_line' id='line_1_73' title="bbox 1232 5484 2039 5578; baseline 0.014 -29"><span class='ocrx_word' id='word_1_339' title='bbox 1232 5484 1344 5569; x_wconf 90' lang='lat' dir='ltr'>XXII,</span> <span class='ocrx_word' id='word_1_340' title='bbox 1369 5489 1538 5577; x_wconf 89' lang='lat' dir='ltr'>episcopos</span> <span class='ocrx_word' id='word_1_341' title='bbox 1560 5491 1632 5556; x_wconf 90' lang='lat' dir='ltr'>LII.</span> <span class='ocrx_word' id='word_1_342' title='bbox 1677 5491 1742 5566; x_wconf 83' lang='lat' dir='ltr'>Qui</span> <span class='ocrx_word' id='word_1_343' title='bbox 1764 5494 1867 5559; x_wconf 90' lang='lat' dir='ltr'>etiam</span> <span class='ocrx_word' id='word_1_344' title='bbox 1892 5495 2039 5578; x_wconf 90' lang='lat' dir='ltr'>sepultus</span> 
     </span>
     <span class='ocr_line' id='line_1_74' title="bbox 1235 5591 1560 5677; baseline 0.009 -23"><span class='ocrx_word' id='word_1_345' title='bbox 1235 5595 1285 5654; x_wconf 88' lang='lat' dir='ltr'>est</span> <span class='ocrx_word' id='word_1_346' title='bbox 1306 5591 1359 5656; x_wconf 81' lang='lat' dir='ltr'>via</span> <span class='ocrx_word' id='word_1_347' title='bbox 1382 5591 1560 5677; x_wconf 88' lang='lat' dir='ltr'>Tiburtina,</span> 
     </span>
    </p>
   </div>
   <div class='ocr_carea' id='block_1_34' title="bbox 0 0 2276 6427">
    <p class='ocr_par' dir='ltr' id='par_1_34' title="bbox 0 0 2276 6427">
     <span class='ocr_line' id='line_1_75' title="bbox 0 0 2276 6427; baseline 0 0"><span class='ocrx_word' id='word_1_348' title='bbox 0 0 2276 6427; x_wconf 95' lang='lat' dir='ltr'> </span> 
     </span>
    </p>
   </div>
  </div>
 </body>
</html>
