4544 6428
921 465 1139 520 EPITOMAF

492 637 713 693 amaremur
1340 623 1574 690 concursus

201 753 321 828 centes,
331 747 405 832 quia
417 766 493 810 vero
509 745 543 808 in
555 751 692 808 mortem
704 743 876 829 presbiteri
889 746 1000 810 eatho-
1045 749 1054 770 ⁶

201 853 253 916 lici
269 852 403 916 Petrum
420 870 492 914 esse
507 850 655 914 mixtum.
700 848 789 912 Tune
805 869 891 935 papa
907 849 1001 936 Sym-

200 956 314 1042 plieius
331 954 534 1019 dissimulans
547 973 721 1039 numquam
738 954 864 1038 scripsit
875 952 1001 1036 Acatio,

201 1058 260 1123 sed
285 1059 449 1124 damnarit
470 1058 580 1156 Petro.

200 1178 264 1244 Hic
286 1180 364 1244 fecit
386 1178 606 1242 ordinationes
1055 1173 1118 1237 Hie
1141 1173 1218 1237 feeit
1241 1171 1458 1270 ordinationes
1505 1161 1507 1164 ⁵

201 1321 260 1386 per
283 1321 383 1364 mens.
405 1298 565 1365 Decemb.

203 1422 264 1502 III,
287 1421 396 1508 presb.
412 1420 534 1502 LVIII,
559 1419 640 1484 diac.
657 1420 722 1494 xl,
748 1421 919 1505 episcopos
943 1438 1003 1503 per
1054 1415 1121 1496 III,
1160 1414 1265 1500 presb.
1294 1413 1419 1494 LVIII,
1465 1412 1546 1477 diac.
1573 1412 1639 1493 XI,
1685 1412 1854 1498 episcopos

206 1528 278 1590 loca
293 1524 463 1591 LXXXII.
509 1523 662 1609 Sepultus
678 1521 1002 1587 estadbeatoPetro
1054 1517 1227 1583 LXXXlI.
1294 1517 1510 1603 sepultusque
1552 1522 1602 1580 est
1643 1515 1686 1580 ad
1721 1515 1854 1580 beatum

202 1629 250 1694 Vl
287 1651 359 1694 non.
391 1629 483 1693 Mart.
544 1627 588 1691 Flt
621 1627 759 1690 cessavit
797 1626 1002 1712 episcopatus
1055 1622 1187 1687 Petrum
1200 1620 1249 1686 VI
1265 1621 1446 1690 nonMert.
1485 1621 1633 1686 Oessarit
1648 1620 1854 1706 episcopatus

202 1735 271 1798 dies
288 1734 329 1798 V.
1056 1727 1125 1790 dies
1140 1725 1197 1790 VI.

245 1893 271 1935 n.
295 1869 408 1949 Fsurx,
446 1868 576 1931 natione
610 1866 790 1950 Romanus,
830 1889 871 1932 ex
909 1873 1001 1952 patre
1099 1886 1126 1928 n.
1149 1864 1261 1946 Fenus,
1292 1865 1424 1927 natione
1460 1862 1641 1944 Romanus,
1680 1883 1722 1926 ex
1761 1866 1853 1947 patre

202 1975 312 2039 Felice
329 1971 523 2058 presbitero,
547 1969 631 2034 sedit
647 1992 719 2034 ann.
732 1971 815 2035 VlIl
838 1992 939 2034 mens.
952 1969 1003 2034 XI
1055 1967 1165 2032 Felice
1189 1968 1386 2053 presbitero,
1409 1967 1494 2031 sedit
1515 1987 1566 2032 an.
1583 1965 1665 2030 Vlll
1688 1985 1788 2029 mens.
1806 1963 1855 2028 Xl

201 2077 270 2142 dies
293 2077 366 2142 XV.
1056 2070 1125 2135 dies
1148 2070 1257 2136 XVII.

201 2198 306 2262 Huius
331 2199 553 2283 episcopatum
583 2197 699 2259 iterum
727 2196 816 2259 venit
842 2195 1001 2258 relatiua

200 2309 309 2388 patres
352 2300 561 2381 Greoiarum,
605 2299 738 2363 Petrum
776 2299 1000 2363 Alexandrino

200 2411 387 2471 revocatum
423 2403 464 2468 ad
499 2404 757 2469 communionem
795 2402 837 2468 ab
871 2403 999 2467 Acatio.

201 2511 292 2575 Tunc
321 2508 516 2600 venerabilis
545 2527 632 2594 papa
659 2505 754 2570 Felix
782 2508 913 2572 mittens
943 2506 1001 2571 de-

201 2615 331 2678 fensore
356 2633 398 2676 ex
422 2612 595 2676 constituto
612 2609 725 2697 synodi
748 2610 834 2674 sedis
858 2631 947 2692 suae,
971 2617 1004 2674 et

201 2717 369 2782 damnavit
397 2716 513 2780 Aeatio
544 2737 615 2780 eum
644 2715 755 2779 Petro.
800 2715 880 2778 Post
902 2735 1003 2779 annos

201 2822 252 2886 III
276 2823 394 2885 iterum
417 2819 505 2883 venit
527 2821 642 2884 relatio
668 2819 709 2884 ab
728 2819 925 2904 imperatore
942 2819 1003 2882 Ze-

199 2947 328 3008 nonem,
353 2931 389 2988 ut
404 2924 572 3010 paenitens
589 2923 710 2987 rediret
724 2923 867 2988 Acatius.
913 2923 1005 2987 Tunc

202 3051 290 3116 papa
312 3028 409 3092 Felix
432 3027 510 3091 fecit
533 3028 721 3112 concilium,
746 3048 788 3090 ex
811 3047 1003 3090 eonsensum

202 3134 290 3197 misit
312 3133 392 3197 duos
418 3132 588 3216 episcopos
610 3131 778 3196 bissenum
802 3136 835 3195 et
851 3129 1003 3208 Vitalem,

202 3244 248 3318 ut,
273 3237 300 3301 si
321 3235 502 3301 invenirent
525 3237 704 3320 conplicem
728 3235 819 3300 Petri
841 3233 1004 3312 Acatium,

202 3341 319 3405 iterum
343 3339 548 3414 damnarent;
577 3340 604 3403 si
629 3360 708 3420 non,
734 3337 888 3403 offerrent
910 3336 1004 3401 libel—

202 3445 269 3508 lum
293 3444 526 3530 paenitentiae.
582 3443 643 3517 Qui
667 3443 743 3508 dum
765 3442 951 3507 introissent
972 3441 1006 3503 in

205 3548 369 3612 civitatem
404 3545 735 3631 Constantinopolim,
768 3547 909 3631 corrupti
946 3565 1001 3629 pe·

203 3653 318 3714 cuniae
335 3650 446 3714 datum
470 3649 659 3736 supradicti
676 3652 819 3736 episcopi
835 3670 900 3714 non
916 3650 1004 3714 feee-

203 3761 278 3819 runt
294 3754 469 3819 seeundum
486 3760 676 3840 preceptum
692 3753 779 3818 sedis
795 3754 1004 3838 apostolicae.

202 3859 382 3924 Venientes
406 3879 482 3923 vero
499 3858 637 3922 Romam
661 3857 702 3921 ad
719 3858 832 3922 sedem
849 3859 1003 3943 apostoli-

203 3983 290 4042 cam,
321 3962 398 4026 fecit
429 3983 516 4048 papa
538 3961 633 4026 Felix
656 3963 839 4038 concilium3
870 3968 903 4025 et
926 3982 1003 4025 exa-

202 4066 380 4130 minatione
420 4066 507 4130 laeta
542 4067 576 4129 in
615 4066 748 4130 concilio
787 4067 911 4130 invenit
948 4085 1004 4128 eos

204 4189 279 4232 reos
304 4173 337 4232 et
361 4168 456 4232 eiecit
471 4167 639 4233 Mesenum
664 4175 697 4233 et
711 4169 855 4234 Vitalem
879 4169 1003 4255 episeo-

205 4293 265 4356 pos
288 4292 307 4336 a
331 4274 600 4338 communionem.
644 4274 736 4338 Tunc
758 4273 911 4338 Mesenus
935 4271 1003 4357 epi-

203 4395 318 4461 scopus
335 4396 399 4440 non
416 4397 451 4440 se
465 4378 565 4441 tacuit
577 4384 761 4465 corruptum
774 4398 833 4462 per
849 4376 1004 4462 pecunia3

204 4479 254 4542 eui
266 4479 419 4545 concilius
433 4502 620 4546 concessum
633 4488 761 4568 tempus
772 4481 1004 4569 paenitentiae.

202 4581 276 4647 Hoc
293 4603 370 4648 vero
392 4585 477 4650 facto
501 4586 701 4672 temporibus
718 4584 885 4671 Odoragri
907 4584 1004 4670 ragis.

201 4703 265 4768 Hic
288 4704 365 4768 fecit
388 4705 606 4772 ordinationes
633 4706 671 4771 II
1059 4711 1122 4778 Hic
1144 4711 1222 4778 fecit
1245 4713 1462 4778 ordinationes
1484 4712 1527 4794 Π,

202 4845 263 4911 per
285 4846 388 4891 mens.
411 4826 580 4911 Decemb,

203 4947 312 5034 presb.
329 4944 488 5030 XXVIII,
512 4948 592 5012 diac.
609 4948 650 5030 V,
673 4948 843 5032 episcopos
859 4967 918 5032 per
933 4947 1005 5011 loca
1059 4954 1165 5040 presb.
1181 4952 1342 5034 XXVIII,
1375 4951 1456 5018 diac.
1471 4953 1512 5034 V,
1537 4955 1707 5039 episcopos
1730 4953 1857 5020 XXXI.

204 5051 330 5114 XXXI.
382 5049 535 5136 Sepultus
565 5059 615 5116 ast
648 5050 734 5137 apud
763 5051 861 5115 beato
893 5050 1004 5115 Paulo·
1059 5058 1278 5145 Sepultusque
1322 5061 1372 5120 est
1414 5053 1501 5140 apud
1539 5055 1671 5119 beatum
1709 5056 1878 5124 Paulum-

204 5153 353 5219 Oessavit
376 5156 582 5242 episcopatus
605 5155 675 5220 dies
690 5155 731 5219 V.
1060 5161 1208 5226 Oessavit
1231 5161 1436 5246 episcopatus
1460 5157 1529 5223 dies
1544 5159 1585 5225 V.

248 5313 286 5359 nr.
310 5292 473 5373 Gennsrvs,
496 5293 626 5357 natione
648 5279 747 5374 Afer,
764 5313 807 5356 ex
828 5299 920 5377 patre
937 5292 1004 5357 Va·
1102 5320 1141 5364 nr,
1166 5297 1329 5380 Grnnsrvs,
1351 5297 1481 5361 natione
1499 5293 1590 5378 Afer,
1615 5317 1657 5361 ex
1681 5303 1774 5383 patre
1789 5297 1858 5362 Va-

202 5394 293 5477 leria,
318 5395 402 5460 sedit
425 5417 498 5463 ann.
511 5395 586 5460 IIII
609 5417 709 5461 mens.
722 5395 805 5460 VIII
1059 5403 1150 5483 lerio,
1174 5401 1258 5467 sedit
1280 5421 1330 5465 an.
1347 5399 1416 5463 IIII
1439 5420 1541 5465 mens.
1560 5399 1652 5465 VIII.

203 5515 273 5581 dies
289 5517 383 5584 VIII.

203 5637 280 5703 Fuit
293 5638 494 5724 temporibus
510 5637 702 5703 Theoderici
716 5639 803 5724 regis
817 5645 850 5704 et
865 5639 1005 5703 Zenonis
1062 5641 1134 5706 Fuit
1156 5647 1265 5706 autem
1280 5641 1480 5727 temporibus
1503 5643 1589 5727 regis
1610 5641 1804 5708 Theoderici
1828 5649 1861 5708 et

203 5742 289 5828 Aug.
1058 5745 1196 5810 Zenonis
1218 5743 1304 5832 Aug.
