4544 6428
948 451 1163 508 FPII'OMAE

516 623 742 680 FELIGIANA
1364 625 1596 682 OONONIANA

225 736 458 798 revocaverunt
480 731 646 796 Liberium
1078 737 1311 798 revocaverunt
1333 731 1499 798 Liberium

1077 850 1234 930 Romam;

225 971 266 1035 de
290 970 447 1036 cimiterio
471 975 602 1036 sanctae
618 969 723 1056 Agne,
744 969 800 1034 ubi
816 967 969 1045 sedebat;
994 973 1027 1033 et
1076 1009 1084 1032 ι

228 1077 393 1162 ingressus
422 1073 528 1139 Roma
556 1073 589 1138 in
616 1073 687 1160 ipsa
714 1074 796 1138 hora
819 1073 1026 1138 Constantius

224 1195 303 1259 s⁰⁰il
325 1197 493 1260 00¹1⁰ffium
517 1215 589 1261 ⁰¹¹¹¹¹
612 1195 773 1278 hefefisslb
1077 1212 1227 1299 factoque
1251 1216 1385 1281 concilio
1409 1236 1481 1281 curu
1505 1215 1656 1280 hereticis

225 1317 321 1380 simul
343 1315 491 1382 Ursatius
515 1321 548 1381 et
562 1315 695 1398 Valens,
720 1322 754 1380 ct

224 1439 320 1503 eiecit
342 1437 452 1503 Felice
476 1436 516 1502 de
542 1439 741 1524 episcopatu,
1077 1439 1242 1504 eiecerunt
1262 1440 1406 1504 Felicem
1431 1439 1471 1504 de
1496 1441 1693 1527 episcopato.

223 1561 369 1646 quierat
401 1559 593 1642 catholicus,
618 1565 651 1623 et
684 1558 848 1624 revocavit
878 1557 1021 1624 Liberio.

224 1663 277 1728 Ab
302 1652 419 1726 eodem
443 1662 496 1726 die
519 1661 580 1727 fuit
601 1663 783 1748 persecutio
806 1663 839 1725 in
856 1662 952 1744 clero,
977 1663 1023 1726 ita

221 1772 258 1831 ut
287 1767 371 1830 intra
400 1766 537 1830 ecclesia
567 1765 739 1852 presbiteri
767 1770 800 1831 et
830 1766 937 1831 clerici
965 1787 1021 1830 nc-

221 1876 383 1956 garentur.
417 1869 479 1944 Qui
495 1868 659 1956 depositus
671 1870 767 1936 Felix
778 1870 819 1934 de
834 1870 1024 1958 episcopatu

222 1991 381 2056 habitavit
404 1991 435 2054 in
457 1989 604 2077 prediolo
628 2012 702 2073 suo,
732 1991 788 2056 ubi
810 1992 970 2076 requievit
991 1992 1024 2055 in
1079 1992 1247 2057 Habitavit
1267 1992 1300 2056 in
1322 1989 1469 2077 prediolo
1492 2012 1561 2074 suo,
1584 1992 1640 2057 ubi
1664 1998 1698 2056 et
1713 1994 1873 2079 requievit

220 2115 300 2181 pace
334 2093 386 2158 III
409 2093 453 2156 kl.
477 2094 562 2180 Aug.
613 2095 783 2179 Ingressus
813 2093 963 2160 Liberius
990 2096 1023 2159 in
1075 2098 1107 2160 in
1139 2117 1222 2182 pace
1245 2094 1313 2159 IIII
1335 2095 1366 2159 k.
1389 2093 1474 2180 Aug.
1530 2095 1699 2180 Ingressus
1726 2094 1875 2162 Liberius

218 2199 298 2263 urbe
328 2197 396 2262 IIII
427 2218 501 2261 non.
530 2198 615 2284 Aug.
644 2199 805 2262 consensit
834 2197 1022 2263 Constantio
1075 2200 1189 2264 urbem
1211 2198 1279 2264 IIII
1301 2220 1376 2263 non.
1399 2198 1484 2284 Aug.
1505 2199 1666 2262 consentit
1686 2198 1874 2293 Constantio

218 2303 377 2378 heretico;
403 2322 467 2366 non
491 2307 600 2367 tamen
621 2302 840 2388 rebaptizatus
1074 2303 1236 2380 heretico;
1259 2323 1323 2367 non
1345 2307 1456 2366 tamen
1478 2301 1699 2389 rebaptizatus
1714 2301 1873 2368 Liberius.

220 2429 281 2506 est,
305 2422 365 2488 sed
388 2443 579 2488 consensum
601 2423 740 2510 prebuit.

1074 2528 1165 2593 Tunc
1186 2528 1368 2614 persecutio
1392 2547 1512 2612 magna
1539 2527 1599 2591 luit
1626 2527 1660 2592 in
1681 2527 1804 2610 Roma,
1826 2530 1874 2594 ita

1072 2637 1109 2696 ut
1130 2632 1288 2697 catholice
1312 2631 1420 2696 clerici
1446 2632 1479 2696 in
1503 2631 1657 2697 ecelesias
1680 2633 1733 2697 vel
1754 2632 1874 2699 balnea

1072 2756 1137 2801 non
1151 2735 1312 2801 haberent
1325 2736 1500 2802 introitum.
1535 2734 1657 2802 Omnes
1673 2736 1782 2823 itaque
1799 2738 1873 2802 anni

1071 2839 1190 2906 Felicis
1212 2842 1245 2905 in
1267 2840 1361 2904 huius
1384 2838 1495 2903 ordine
1519 2838 1772 2906 dinumerantur.

216 2958 312 3025 Fecit
335 2961 554 3027 ordinationes
576 2959 621 3040 Il,
652 2959 760 3045 presb.
777 2956 904 3040 XVIII,
936 2956 1017 3022 diac.
1072 2961 1230 3048 Fecitque
1243 2960 1462 3026 ordinationes
1474 2958 1518 3041 II,
1528 2960 1637 3046 presb.
1649 2959 1777 3044 XVIII,
1791 2961 1872 3028 diac.

216 3061 258 3144 V,
283 3066 454 3152 episcopos
485 3085 545 3152 per
567 3063 746 3129 locaVIlI.
793 3061 946 3148 Sepultus
970 3067 1019 3126 eet
1073 3065 1112 3148 V,
1136 3065 1307 3151 episcopos
1323 3062 1415 3128 VIII.
1463 3062 1527 3137 Qui
1547 3063 1646 3128 etiam
1661 3065 1806 3151 sepultus
1822 3073 1873 3131 est

216 3167 249 3230 in
272 3167 429 3234 cimiterio
452 3167 629 3251 Priscillae,
726 3187 728 3190 ’
1070 3169 1103 3233 in
1126 3168 1282 3234 cimiterio
1305 3167 1450 3234 Priscilla

215 3287 269 3352 via
291 3287 426 3372 Salaria,

216 3407 247 3471 V
268 3408 312 3476 id.
335 3409 425 3497 Sept.
471 3409 619 3474 Cessavit
647 3409 851 3497 episcopatus
875 3407 944 3473 dies
960 3408 1016 3474 VI.
1069 3409 1101 3475 V
1121 3409 1165 3475 id.
1189 3409 1265 3496 Sep.
1319 3409 1468 3475 (lassarit
1496 3409 1702 3496 episcopatus
1727 3409 1796 3476 dies
1811 3411 1869 3479 VI.

258 3617 386 3664 xxxvur.
409 3598 517 3684 Fenrx,
533 3601 665 3667 natione
677 3599 854 3682 Romanus,
867 3619 909 3663 ex
923 3605 1015 3684 patre
1112 3620 1242 3667 xxxviii.
1265 3599 1380 3682 Fnux,
1407 3599 1538 3664 natione
1561 3599 1744 3684 Romanus,
1776 3605 1869 3686 patre

213 3700 400 3786 Anastasio,
424 3703 510 3769 sedit
1069 3702 1255 3789 Anastasio,
1279 3702 1364 3769 sedit

214 3835 288 3879 ann.
310 3815 372 3882 III.
1068 3817 1153 3884 an.I
1174 3837 1276 3883 mene.
1292 3815 1344 3882 III
1367 3814 1437 3881 dies
1456 3815 1500 3881 H.

213 3926 277 3992 Hic
310 3926 487 3993 declaravit
516 3927 739 3994 Constantium
772 3928 951 3993 hereticum
983 3935 1016 3992 et
1068 3928 1131 3992 Hie
1161 3927 1338 3994 declaravit
1365 3927 1589 3994 Constantium
1621 3926 1802 3992 hereticum
1835 3933 1869 3993 et

214 4031 451 4118 rebaptizatum
463 4031 650 4097 secundum.
672 4031 737 4096 Hic
751 4033 905 4118 martyrio
922 4053 1012 4097 coro·
1067 4032 1311 4117 rebaptizatum.
1357 4031 1420 4097 Hic
1436 4031 1590 4118 martyrio
1607 4038 1793 4109 coronatum
1817 4031 1868 4096 Ie·

213 4142 320 4201 natur.
364 4134 428 4200 Hic
451 4135 528 4200 fecit
550 4136 684 4201 basilica
706 4137 738 4200 in
760 4137 813 4201 via
836 4136 981 4219 Aurelia,
1068 4138 1173 4222 citquo
1195 4136 1362 4201 basilicam
1384 4137 1438 4201 via
1458 4135 1602 4214 Aurelia,

212 4255 349 4321 miliario
373 4255 414 4320 ab
437 4256 517 4321 urbe
540 4256 584 4339 II,

212 4375 268 4440 ubi
292 4382 326 4440 et
347 4378 517 4463 requievit.
561 4376 626 4442 Hic
648 4378 725 4443 fecit
748 4376 966 4443 ordinationes
1065 4378 1122 4443 ubi
1145 4384 1178 4443 et
1200 4376 1380 4464 requiescit.
1424 4375 1518 4442 Fecit
1541 4375 1776 4444 ordinationem
1799 4377 1825 4461 I,

212 4517 273 4583 per
295 4517 398 4562 mens.
422 4496 591 4582 Decemb,

209 4619 323 4787 prevpp.
339 4617 438 4705 XXI,
474 4619 555 4685 diac.
571 4618 612 4702 V,
647 4618 816 4705 episcopos
849 4638 910 4705 per
941 4619 1014 4684 loca
1065 4621 1172 4708 presb.
1188 4619 1280 4703 XXI,
1304 4619 1387 4685 diac.
1404 4618 1446 4704 V,
1471 4621 1641 4707 episcopos
1662 4616 1789 4683 XVIII.

309 4722 354 4788 ΙΙ.

211 4841 274 4916 Qui
312 4844 410 4908 etiam
450 4845 555 4930 capite
593 4850 759 4910 truncatur
795 4865 866 4910 cum
903 4846 1012 4910 multis

210 4946 334 5011 clericis
366 4953 400 5012 et
433 4947 582 5013 fidelibus
612 4950 754 5030 occulte,
781 4949 873 5012 iuxta
901 4970 1011 5014 murus

208 5049 308 5132 urbis,
334 5049 482 5116 adlatus
504 5051 610 5115 forma
633 5050 777 5131 Traiani,
801 5051 853 5116 III
875 5051 918 5117 id.
942 5052 1009 5118 No·

208 5154 316 5219 vemb.
372 5153 416 5218 Et
445 5153 563 5220 exinde
593 5160 769 5240 rapuerunt
799 5177 914 5242 corpus
942 5159 1010 5223 eius

208 5263 302 5322 nocte
327 5258 489 5324 christiani
512 5279 585 5324 cum
607 5257 752 5324 Damaso
774 5260 956 5346 presbitero

208 5385 242 5443 et
265 5380 464 5466 sepelierunt
1063 5379 1280 5466 Sepultusque
1304 5385 1355 5446 est

207 5499 240 5564 in
263 5500 397 5566 basilica
419 5522 516 5587 supra
539 5501 626 5566 dicta

207 5619 306 5686 XVII
337 5622 382 5688 kl.
410 5621 569 5688 Decemb.
627 5621 774 5688 Gessavit
802 5623 1008 5710 episcopatus
1061 5622 1163 5688 XVII
1196 5623 1227 5687 k.
1263 5621 1421 5689 Decemb.
1478 5621 1626 5688 Gessavit
1658 5623 1863 5710 episcopatus

206 5725 276 5790 dies
299 5726 491 5792 XXXVIII.
1062 5725 1131 5792 dies
1153 5723 1344 5792 XXXVIII.

310 5853 384 5891 arasa
402 5853 575 5892 rorrrrrcams
593 5855 609 5894 ι.
1626 5837 1660 5891 ³2
