4544 6428
436 439 499 504 256

723 603 950 660 FELIOLINA

434 712 498 779 Hic
521 712 580 777 sub
603 717 698 797 gesta
724 710 839 798 synodi
862 732 933 776 oum
955 711 1032 775 fleto
1056 708 1115 773 sub
1143 707 1236 772 satis-

435 817 576 882 factione
599 815 701 881 libelli
724 821 897 902 purgatum
917 813 1087 879 lIesenum
1111 813 1236 899 episco-

434 941 513 1006 pum
536 919 711 987 revocarit.

435 1041 499 1107 Hie
522 1041 600 1106 fecit

435 1505 708 1574 sacramentorum
736 1507 935 1593 prefationes
965 1510 1060 1570 cauto
1087 1521 1236 1568 sermone

435 1619 469 1678 et
484 1611 638 1699 epistolas
653 1611 729 1676 fidei
745 1612 876 1676 elimato
889 1629 1047 1674 sermone.
1081 1607 1147 1672 Hie
1160 1607 1237 1671 fecit

437 1715 655 1780 ordinationes
678 1715 729 1780 Ill

433 1857 492 1922 per
513 1858 616 1904 mens.
638 1836 808 1918 Deoemb.,

434 1957 541 2042 presb.
558 1956 703 2039 XXXII,
728 1956 808 2023 diae.
823 1955 866 2038 11,
891 1955 1060 2042 episcopos
1083 1973 1142 2040 per
1164 1953 1237 2018 loca

432 2061 569 2127 LXVII.
608 2061 761 2149 Sepultus
785 2067 834 2126 est
850 2059 938 2146 apud
953 2059 1085 2123 beatum
1103 2059 1234 2122 Petrum

434 2163 484 2229 XI
500 2165 566 2230 kal.
583 2164 742 2230 Deoemb.
781 2163 930 2229 Gessavit
944 2165 1151 2250 episcopatus
1166 2160 1237 2226 dies

432 2269 507 2334 VH.

484 2428 535 2475 nu.
557 2406 767 2488 Auserasrvs,
805 2406 935 2470 natione
974 2405 1156 2486 Romanus,
1193 2422 1235 2468 ex

355 2505 361 2522 '
432 2517 525 2598 patre
561 2511 679 2592 Petro,
713 2508 798 2575 sedit
831 2509 936 2574 ann.I
967 2507 1135 2574 mensXI
1165 2506 1235 2572 dies

425 2605 611 2682 'xxxma

437 3267 501 3334 Hic
524 3267 601 3333 feeit
623 3266 861 3332 ordinationem
882 3267 900 3332 I

437 3409 495 3475 per
517 3409 620 3453 mens.
642 3387 811 3471 Deoemb.,

437 3509 546 3597 presb.
562 3507 833 3599 {inspiramur
855 3528 915 3594 per
935 3507 1008 3572 loca
1020 3505 1131 3571 VIIII.
1176 3502 1235 3569 Se-

436 3613 546 3701 pultus
570 3617 620 3676 est
641 3611 730 3698 apud
751 3611 884 3676 beatum
908 3611 1041 3676 Petrum

435 3734 468 3798 iu
484 3733 677 3797 Vaticanum

435 3853 504 3918 XII
519 3853 584 3922 kal.
600 3852 758 3918 Deoemb.
803 3852 846 3916 St
869 3853 1008 3918 cessavit
1030 3853 1237 3938 episcopatus

436 3957 505 4023 dies
520 3957 578 4023 VI.

479 4135 541 4180 nur.
565 4113 760 4192 Sruuacuvs
783 4111 913 4177 natione
931 4109 1060 4193 Sardus,
1085 4130 1127 4174 err
1142 4113 1235 4196 patre

434 4215 631 4301 Fortunato,
665 4215 750 4281 sedit
778 4237 851 4282 ann.
867 4214 932 4279 XV
954 4234 1055 4279 mens.
1072 4211 1138 4276 VH
1167 4212 1236 4278 dics

434 4321 593 4386 XXXVI.
638 4319 702 4384 Hic
730 4320 790 4384 fuit
819 4318 1020 4405 temporibus
1043 4317 1237 4382 Theoderici

436 4425 572 4490 heretici
594 4429 628 4490 et
649 4424 802 4489 Anastasi

434 4545 618 4610 Euthioiani

432 4666 519 4752 Aug.
564 4665 627 4731 Hic
648 4664 770 4730 amarit
792 4664 914 4729 olerum
937 4671 970 4730 ct
992 4684 1164 4751 pauperes,

433 4788 548 4871 bonus,
571 4785 723 4873 prudens,
745 4786 914 4868 humanus,
938 4786 1115 4873 gratiosum

435 4915 469 4974 et
492 4930 564 4974 cum
589 4928 628 4974 co
654 4904 819 4972 ordinatur
832 4907 1026 4974 Laurentius
1046 4908 1106 4972 sub
1129 4909 1234 4974 inteu-

431 5013 520 5078 tione
544 5011 726 5101 episcopus.

407 5103 484 5199 ¹Eu
511 5154 575 5220 qua
599 5153 696 5198 causa
726 5136 879 5219 separata
905 5132 1014 5219 aliqua
1041 5153 1116 5218 pars
1139 5134 1233 5199 oleri-

432 5258 543 5302 corum
558 5237 611 5301 vel
625 5242 820 5320 senatorum,
843 5236 898 5300 alii
914 5257 985 5301 cum
1003 5235 1233 5324 Symmachum

432 5347 465 5406 et
487 5341 542 5405 alii
565 5361 637 5406 cum
659 5340 882 5405 Laurentium.

430 5460 474 5525 Et
496 5462 583 5526 facta
603 5461 783 5527 intentione
806 5462 868 5531 hoc
891 5462 1128 5528 constituerunt

429 5583 562 5670 pariter,

1158 429 1372 486 ΕΡΠῸΜΔΕ

1577 601 1809 658 OONONIANA

1289 1057 1353 1123 Hic
1376 1056 1454 1122 feeit

1289 1178 1389 1243 hbros
1401 1177 1431 1243 V
1444 1177 1599 1242 adversus
1610 1175 1642 1240 IV
1642 1175 1787 1241 istoriam
1800 1180 1834 1240 et
1844 1173 2013 1248 Eutioem
2032 1171 2120 1237 feeit

1290 1288 1323 1347 et
1345 1281 1483 1369 hymnos
1513 1281 1545 1344 in
1568 1279 1665 1345 modo
1689 1278 1778 1344 beati
1800 1277 1994 1352 Ambrosii;
2032 1277 2120 1342 fecit

1290 1393 1324 1452 et
1345 1386 1427 1452 duos
1449 1387 1548 1452 libros
1571 1384 1726 1450 adversus
1747 1383 1889 1464 Arrium,
1913 1383 2001 1448 lecit
2027 1389 2066 1446 et

1289 1513 1562 1572 sacramentomm
1591 1505 1790 1592 prefationes
1819 1509 1915 1570 cauto
1938 1523 2113 1568 sermone

1290 1616 1323 1676 et
1335 1611 1490 1698 epistolas
1501 1610 1577 1675 fidei
1589 1609 1743 1674 delimato
1754 1628 1913 1674 sermone.
1937 1607 2011 1672 Hic
2026 1608 2116 1672 fecit

1289 1713 1507 1781 ordinationes
1528 1714 1572 1796 H,

1289 1957 1396 2042 presb.
1411 1955 1557 2038 XXXII,
1582 1954 1665 2019 diac.
1686 1953 1731 2034 II,
1756 1954 1925 2040 episcopos
1949 1953 2108 2020 LXVII.

1289 2058 1353 2132 Qui
1368 2059 1466 2124 etism
1483 2059 1629 2144 sepultus
1646 2064 1696 2122 est
1708 2057 1795 2144 apud
1808 2057 1940 2122 beatum
1954 2057 2111 2124 Petrum

1288 2163 1337 2226 XI
1360 2163 1392 2227 k.
1415 2161 1573 2229 Deoemb.
1619 2161 1766 2228 Gessavit
1790 2163 2004 2248 episcopatus
2030 2163 2112 2228 dies

1289 2266 1363 2332 VII.

1342 2425 1392 2471 nu.
1414 2403 1622 2485 Ariasmene,
1658 2404 1790 2469 natione
1827 2403 2015 2487 Romanus,
2058 2425 2109 2470 ex

1287 2513 1381 2596 patre
1416 2507 1530 2590 Petro,
1571 2506 1657 2572 sedit
1690 2508 1781 2575 an.I
1814 2527 1914 2572 meus.
1936 2507 1990 2572 XI
2027 2509 2109 2574 dies

1287 2611 1431 2678 XXIIII.

1287 2733 1351 2798 Hie
1373 2732 1451 2798 feeit
1466 2733 1667 2798 confessione
1683 2732 1773 2797 beati
1789 2732 1952 2797 Laurenti.
2002 2731 2100 2797 Huic

1288 2839 1393 2903 clerus
1427 2844 1461 2902 et
1494 2836 1667 2922 presbiteri
1697 2836 1789 2902 multi
1812 2857 1847 2901 se
1871 2843 2055 2921 eregerunt
2083 2857 2107 2901 a

1288 2941 1527 3024 communione,
1552 2940 1702 3027 eoquod
1729 2940 2000 3006 communicasset
2024 2939 2103 3004 sine

1288 3046 1419 3110 consilio
1444 3064 1557 3110 eorum
1579 3043 1715 3110 diacono
1744 3045 2012 3110 Theseiouioensi
2036 3065 2104 3109 no·

1287 3170 1363 3213 men
1384 3149 1513 3216 Futino.

1288 3268 1353 3334 Hic
1375 3270 1453 3335 fecit
1475 3269 1710 3336 ordinationem
1733 3269 1760 3354 I,

1289 3510 1398 3596 presb.
1425 3510 1492 3596 XI,
1526 3513 1697 3598 episcopos
1720 3508 1815 3576 VIII.
1871 3508 2104 3597 Sepultusque

1290 3619 1340 3679 est
1362 3613 1405 3678 ad
1426 3614 1560 3680 beatum
1583 3615 1718 3680 Petrum

1288 3855 1440 4025 XIIIV}
1472 3855 1630 3921 Deoemb.
1699 3854 1848 3921 Cessarit
1885 3856 2103 3943 episcopatus

1289 3960 1358 4026 dles
1425 4009 1433 4024 .

1331 4136 1392 4182 mu.
1416 4113 1612 4196 Sruuacuvs,
1632 4115 1763 4181 natione
1786 4113 1916 4196 Sardus,
1938 4135 1981 4178 ex
1997 4121 2100 4203 patre

1287 4219 1483 4302 Fortunatu,
1518 4216 1603 4282 sedit
1637 4239 1687 4283 an.
1712 4217 1777 4284 XV
1809 4239 1910 4283 mens.
1936 4218 1985 4284 VI
2024 4220 2100 4286 dies

1289 4322 1431 4389 XXVII.
1487 4320 1551 4386 Hic
1581 4321 1640 4386 fuit
1667 4320 1866 4408 temporibus
1895 4321 2098 4391 Theoderici

1288 4427 1423 4494 heretici
1446 4433 1480 4493 at
1502 4425 1667 4492 Anastasii

1287 4669 1372 4755 Aug.
1416 4669 1481 4734 Hic
1502 4668 1625 4734 amavit
1646 4668 1733 4733 clero
1758 4673 1791 4734 et
1812 4689 1991 4756 pauperes;

1288 4915 1321 4974 et
1343 4930 1417 4974 eum
1440 4927 1479 4973 eo
1503 4908 1670 4974 ordinatur
1684 4910 1878 4976 Laurentius
1897 4910 1957 4975 sub
1980 4911 2094 4978 inten-

1286 5015 1374 5079 tione
1398 5013 1613 5100 episcopatus.

1286 5463 1330 5528 Et
1352 5463 1437 5528 facta
1459 5463 1637 5529 intentione
1662 5464 1725 5529 hoc
1748 5467 1993 5550 constituerunt,

429 5709 465 5767 ut
492 5703 589 5768 ambo
611 5702 802 5769 Ravennam
833 5709 984 5789 peterent
1016 5704 1058 5769 ad
1081 5705 1232 5771 iuditium
1257 5685 1260 5790 l
1286 5712 1322 5770 ut
1344 5705 1441 5770 ambo
1456 5705 1648 5773 Ravennam
1670 5711 1846 5794 pergerent
1868 5706 1910 5771 ad
1933 5709 2092 5776 iudicium
