4544 6428
411 390 473 451 ΙΙΙ
1129 383 1347 441 ΕΡΙΤΟΜΑΕ

699 554 925 611 FELICIANA
1550 558 1784 615 CONONIANA

410 661 609 724 aconsolatu
620 659 895 726 MaximiuiVIIII
906 681 1009 748 usque
1021 660 1064 725 ad
1074 659 1210 726 Maxen-
1265 663 1465 728 aconsolatu
1475 663 1750 730 MaximiniVIllI
1761 686 1863 752 usque
1878 665 1923 730 ad
1938 665 2093 731 Maxen-

410 764 456 828 tio
479 762 524 845 11,
1265 766 1344 830 tium
1366 766 1410 850 II,

411 885 465 969 qui
487 883 548 948 fuit
569 905 681 950 mense
703 883 891 973 Septembri

409 1003 587 1070 Volusiano
611 1011 645 1070 et
666 1005 783 1070 Rulino
806 1007 999 1074 consolibus.
1049 1007 1113 1072 Hic
1136 1027 1211 1072 eon·
1265 1006 1443 1074 Volusiano
1467 1017 1501 1074 et
1522 1009 1640 1076 Rufino
1664 1011 1856 1077 oonsoIIbus.
1902 1011 1974 1076 Hic
1999 1033 2089 1076 con-

410 1109 522 1191 stituit,
538 1111 627 1176 nulle
642 1112 767 1176 ratione
784 1110 837 1176 die
854 1111 1014 1177 dominica
1029 1117 1086 1176 aut
1102 1111 1213 1198 quinta
1265 1111 1377 1194 stituit,
1394 1113 1482 1178 nulla
1497 1115 1621 1180 ratione
1637 1114 1690 1180 die
1706 1115 1866 1179 dominica
1882 1121 1944 1179 aut
1961 1117 2090 1202 quinta

411 1213 492 1277 ferie
533 1213 687 1279 ieiunium
722 1215 792 1301 quis
827 1213 868 1280 de
905 1215 1056 1281 fidelibus
1089 1221 1213 1300 ageret,
1266 1217 1348 1281 leria
1377 1216 1530 1283 ieiunium
1562 1219 1633 1304 quis
1661 1218 1803 1283 fidelium
1832 1225 1966 1304 ageret,
2000 1220 2090 1305 quia

410 1317 486 1402 quia
509 1337 566 1380 eos
589 1317 658 1382 dies
673 1319 793 1405 pagani
810 1319 901 1405 quasi
916 1339 1042 1384 sacrum
1059 1320 1213 1384 ieiunium
1266 1319 1326 1384 hos
1364 1317 1434 1384 dies
1470 1322 1590 1407 pegeni
1627 1323 1718 1408 quasi
1751 1343 1876 1386 sacrum
1911 1323 2088 1388 ieiunium

411 1421 630 1487 celebrabant.
674 1422 718 1486 Et
740 1422 903 1488 Manichei
933 1424 1058 1490 inventi
1085 1430 1160 1488 sunt
1181 1425 1214 1488 in
1267 1423 1487 1490 celebrabant.
1532 1423 1575 1488 Et
1603 1423 1765 1490 Manichei
1791 1426 1911 1491 inventi
1940 1429 2088 1491 suntin

410 1523 534 1590 urbem.
578 1524 632 1590 Ab
657 1525 774 1592 eodem
796 1525 849 1590 die
872 1526 958 1610 lecit,
982 1534 1018 1593 ut
1033 1528 1215 1594 oblationes
1267 1527 1356 1593 urbe.
1411 1527 1464 1593 Ab
1495 1526 1613 1593 eodem
1636 1527 1688 1594 die
1712 1531 1804 1612 lectt,
1826 1539 1861 1594 ut
1884 1530 2087 1596 oblationes

412 1635 616 1695 consecratas
650 1651 710 1716 per
744 1631 897 1696 ecclesias
933 1637 966 1696 et
993 1639 1214 1696 consecratum
1267 1638 1470 1696 consecratas
1503 1652 1563 1717 per
1591 1632 1745 1698 ecelesias
1775 1653 1817 1696 ex
1846 1641 2087 1699 consecratum

413 1733 583 1820 episcopus
607 1731 813 1819 dirigeretur,
837 1733 924 1822 quod
947 1733 1128 1800 declaratur
1150 1736 1214 1800 ler—
1268 1736 1412 1821 episcopi
1434 1733 1643 1822 dirigeretur,
1676 1735 1763 1821 quod
1792 1734 1981 1800 declaratur
2010 1737 2087 1802 fer-

412 1844 567 1905 mentum.
612 1837 675 1902 Hie
698 1839 776 1904 lecit
799 1837 1002 1904 ordinatione
1024 1838 1042 1904 1
1267 1845 1422 1906 mentum.
1466 1837 1530 1905 Hic
1553 1839 1629 1905 lecit
1652 1837 1754 1904 ordin.
1769 1839 1796 1922 I,

410 1979 470 2044 per
491 1980 592 2024 mens.
615 1959 786 2043 Decemb.‚

410 2080 518 2167 presb.
530 2079 612 2163 IIII,
629 2079 711 2146 diac.
724 2080 787 2166 III,
804 2081 974 2167 episcopos
989 2101 1050 2166 per
1065 2081 1137 2146 looe
1151 2079 1212 2146 XI.
1266 2081 1372 2166 presb.
1389 2079 1469 2162 IIII,
1493 2078 1574 2144 diae.
1591 2076 1670 2161 IIII,
1695 2078 1864 2165 episcopos
1887 2077 1946 2144 XI.

1265 2199 1484 2288 Sepultusque
1518 2204 1568 2264 est
1600 2199 1633 2262 in
1668 2199 1823 2264 olmiterio
1858 2200 1974 2266 Calisti
2004 2202 2088 2268 IIII

1264 2305 1307 2370 id.
1330 2304 1411 2371 Feb.

410 2425 454 2490 ut
476 2427 614 2491 cessavit
638 2424 842 2515 episcopatus
866 2425 935 2492 dies
957 2424 1050 2492 XVI.
1265 2425 1414 2492 Cessavit
1436 2425 1641 2512 episcopatus
1663 2422 1733 2488 dies
1755 2422 1845 2489 XVI.

453 2601 573 2648 annun.
598 2581 783 2666 Sternetur,
810 2583 941 2649 natione
969 2580 1145 2664 Romanus,
1169 2601 1212 2646 ex
1309 2601 1428 2648 xxxnn.
1452 2579 1639 2660 Suvesrae,
1670 2579 1801 2645 natione
1823 2579 2004 2666 Romanus,
2033 2604 2083 2648 ex

410 2693 503 2772 patre
538 2685 670 2769 Rufino,
705 2684 789 2751 sedit
823 2706 896 2750 ann.
920 2684 1039 2750 XXIII
1062 2683 1212 2752 menaX
1265 2692 1356 2772 patre
1386 2683 1520 2765 Rufino,
1563 2681 1647 2747 sedit
1688 2704 1738 2748 an.
1768 2684 1869 2749 XXII
1908 2705 2018 2753 mens.
2044 2687 2083 2753 X

410 2789 480 2854 dies
504 2790 571 2872 XI,
601 2790 803 2876 temporibus
829 2789 1029 2854 Constantini
1053 2796 1087 2855 et
1110 2789 1211 2854 Volu·
1266 2788 1336 2854 dies
1350 2787 1410 2854 XI.
1444 2787 1519 2852 Fuit
1531 2793 1640 2852 autem
1653 2788 1852 2874 temporibus
1865 2787 2082 2856 Constantini

411 2894 510 2976 siani,
540 2913 582 2958 ex
611 2893 663 2958 die
694 2893 739 2958 kl.
762 2893 844 2960 Feb.
867 2914 969 2980 usquc
997 2893 1031 2957 in
1059 2891 1145 2958 diem
1167 2893 1212 2958 kl.
1267 2899 1300 2956 et
1315 2891 1500 2972 Volusiani,
1532 2911 1574 2954 ex
1597 2889 1650 2956 die
1673 2891 1705 2955 k.
1729 2891 1809 2955 Feb.
1831 2911 1934 2978 usque
1958 2893 1994 2957 in
2020 2895 2080 2960 die

411 2997 481 3066 Ian.
516 2997 705 3063 Constantio
745 3003 779 3062 et
800 2997 979 3062 Volusiano
1019 2997 1212 3062 censalibus.
1265 2996 1298 3062 k.
1320 2994 1388 3062 Ian.
1413 2993 1601 3060 Constantio
1625 3001 1659 3060 et
1674 2993 1850 3059 Volusiano
1874 2997 2078 3066 consolibus.

410 3099 475 3166 Hic
506 3101 604 3166 exilio
634 3102 694 3167 fuit
719 3102 753 3166 in
779 3107 921 3166 montem
944 3099 1116 3182 Soracten,
1139 3120 1212 3185 per·
1266 3099 1329 3164 Hie
1360 3099 1456 3164 exilio
1487 3097 1547 3162 fuit
1583 3098 1614 3161 in
1645 3104 1755 3163 monte
1785 3097 1955 3183 Soracten,
1995 3123 2078 3188 per·

411 3205 578 3270 secutione
603 3203 803 3270 Constantini
837 3225 1028 3286 contrusus,
1057 3209 1091 3268 et
1123 3209 1211 3289 post·
1266 3203 1431 3268 secutione
1463 3201 1665 3266 Constantini
1703 3222 1890 3285 concussus,
1928 3210 1963 3269 et
1996 3216 2079 3293 post

411 3307 543 3374 modum
568 3308 696 3374 rediens
719 3330 793 3374 oum
815 3308 919 3394 gloria
934 3308 1111 3395 baptizavit
1126 3306 1213 3372 Con·
1266 3306 1394 3372 rediens
1439 3327 1511 3371 oum
1548 3306 1652 3391 gloria
1694 3304 1882 3392 baptizavit·
1907 3305 2076 3375 Constan-

411 3414 550 3478 stantino
574 3411 712 3498 Agnato,
1206 3401 1209 3408 ’
1267 3413 1367 3477 finum
1389 3410 1475 3495 Aug.

412 3554 509 3621 quem
543 3535 666 3601 curavit
703 3532 850 3599 dommus
892 3553 952 3620 per
994 3532 1155 3618 baptismo
1195 3550 1215 3594 a

409 3638 512 3723 lepra.

411 3755 474 3822 Hic
509 3757 586 3822 lecit
620 3758 829 3824 constitutum
864 3757 905 3824 de
945 3759 1032 3823 omni
1065 3758 1212 3823 eeclesia.
1265 3755 1329 3820 Hie
1365 3757 1443 3821 feeit
1477 3757 1683 3821 constitutum
1719 3756 1760 3822 de
1795 3757 1881 3821 omni
1914 3757 2072 3825 ecclesia.

410 3861 517 3925 Huius
551 3862 751 3948 temporibus
785 3863 905 3928 lactum
938 3863 1106 3927 concilium
1141 3883 1213 3927 oum
1266 3861 1465 3947 Factumque
1482 3867 1532 3924 est
1547 3859 1715 3924 concilium
1733 3881 1804 3925 cum
1821 3863 1888 3926 eius
1904 3881 2072 3929 consensu

412 3966 481 4029 eius
504 3986 662 4031 consensu
682 3967 715 4032 iu
738 3966 840 4032 Nicea
862 3965 997 4042 Bitinie;
1264 3967 1298 4030 in
1319 3965 1422 4030 Nicea
1444 3963 1573 4030 Bitinea

412 4093 446 4150 et
467 4087 656 4173 congregati
679 4093 753 4152 aunt
775 4085 961 4152 sacerdotes
1265 4108 1337 4152 oum

412 4205 613 4272 CCCXVIII
643 4203 784 4295 episcopi
820 4208 969 4272 catholici
1008 4214 1041 4274 et
1076 4229 1212 4294 quorum
1265 4205 1468 4272 CCCXVIII
1513 4206 1672 4292 episcopis
1715 4212 1748 4270 et
1794 4225 1927 4292 quorum
1972 4227 2072 4292 cyro·

412 4311 598 4398 cyrografus
627 4313 765 4376 cucurrit
800 4312 855 4375 alii
881 4311 1037 4377 inbecilea
1061 4311 1211 4392 CCVIII,
1264 4311 1421 4398 graphum
1457 4310 1595 4374 cucurrit
1629 4309 1683 4372 alii
1722 4309 1878 4373 inbeciles
1915 4307 2072 4394 CCVIII,

411 4416 466 4499 qui
488 4421 709 4503 exposuerunt
731 4414 828 4479 fidam
851 4416 1010 4500 integram
1265 4416 1318 4500 qui
1340 4419 1561 4500 exposuerunt
1584 4412 1681 4476 fidem
1704 4409 1862 4496 integram

411 4540 556 4599 sanctam
579 4535 771 4600 catholicam
794 4536 1034 4600 immaculatam

412 4663 445 4720 et
468 4654 701 4721 damnavenmt
730 4657 876 4734 Arrium,
905 4657 1057 4722 Fotinum
1087 4661 1121 4720 et
1151 4655 1211 4720 Sa·
1265 4661 1299 4720 et
1330 4655 1566 4720 damnaverunt
1592 4652 1735 4734 Arrium,
1766 4652 1917 4718 Fotirmm
1948 4659 1982 4717 et
2005 4653 2070 4718 Sa-

410 4760 543 4824 bellium
1264 4759 1408 4825 bellium.

410 4881 463 4945 vel
486 4901 643 4966 sequaces
667 4901 788 4946 eorum.

410 5001 453 5065 ut
485 5003 517 5066 in
548 5002 629 5066 urbe
657 4999 763 5066 Roma
799 5000 1010 5085 congregavit
1042 5001 1211 5087 episeopus
1264 4999 1302 5064 In
1344 4999 1424 5064 urbe
1462 4998 1568 5064 Roma
1610 4999 1821 5084 congregarit
1864 4997 2034 5083 episcopos

411 5103 628 5169 CCLXXVII
659 5111 692 5168 et
721 5104 885 5169 damnavit
911 5103 1032 5169 Calisto
1061 5109 1095 5168 et
1116 5102 1210 5168 Arrio
1266 5102 1482 5168 CCLXXVII
1499 5102 1708 5168 etdamnavit
1724 5100 1891 5182 Calistum‚
1906 5101 2038 5166 Arrium

411 5215 444 5272 et
466 5209 627 5276 Fotinum.
672 5207 715 5272 ut
738 5208 909 5290 constituit,
1265 5213 1299 5271 et
1320 5207 1483 5272 Fotinum.
1528 5205 1767 5293 Constituitqne

409 5333 445 5390 ut
472 5329 632 5414 presbiter
655 5328 826 5392 Arrianum
857 5349 923 5393 non
948 5329 1127 5415 susciperet
1150 5327 1210 5391 nisi

411 5432 581 5518 episcopus
604 5433 666 5496 loci
689 5430 859 5518 designati,
884 5439 917 5496 et

409 5553 525 5616 crisma
557 5553 599 5616 ab
630 5555 780 5639 episeopo
810 5554 922 5617 confici
950 5559 983 5618 et
1005 5553 1208 5639 privilegium
1263 5553 1380 5615 crisma
1407 5551 1448 5616 ab
1479 5551 1632 5638 episeopo
1663 5551 1775 5616 confici
1805 5557 1838 5616 ct
1861 5549 2066 5636 priuilegium

410 5657 579 5743 episcopis,
595 5662 631 5721 ut
651 5656 849 5742 baptizatum
865 5658 1055 5742 consignent
1077 5663 1209 5766 ppoptar
1263 5657 1431 5743 episcopis,
1455 5662 1490 5719 ut
1512 5655 1710 5742 baptizatum
1726 5656 1917 5738 consignent
1932 5660 2067 5740 propter
