4544 6428
942 435 1163 492 EPITOMAE

509 605 733 662 FELICIANA

220 715 310 778 iuxta
340 736 456 801 corpus
485 713 575 778 beati
604 713 694 778 Petri
716 712 747 776 V
769 712 810 778 id.
836 712 895 780 lul.
942 713 1021 778 Ces-

220 820 304 884 savit
327 820 534 905 episcopatus
557 816 627 882 dies
648 816 761 882 XIIII.

261 977 327 1022 ιιιιι.
353 955 468 1038 Corra,
492 957 622 1021 natione
644 954 838 1042 Campanus,
863 976 904 1020 ex
929 961 1044 1039 patre.

220 1058 418 1142 Concordia,
452 1059 493 1124 de
522 1061 651 1124 civItate
680 1059 815 1142 Fundis,
844 1058 928 1124 sedit
950 1077 1021 1122 ann.

220 1163 320 1228 VIIII
359 1183 460 1229 mens.
484 1162 532 1227 VI
569 1161 638 1227 dies
669 1162 761 1228 XXI.
827 1163 902 1227 Fuit
939 1169 1022 1226 tem-

220 1268 353 1354 poribus
370 1267 494 1350 Severi,
512 1288 532 1330 a
549 1267 716 1332 consolatu
731 1267 855 1331 Rustici
871 1271 905 1330 et
919 1263 1020 1350 Aqui-

222 1372 277 1435 lini
299 1392 402 1458 usque
427 1370 470 1435 ad
493 1369 619 1455 Cetego
644 1377 677 1435 et
701 1369 808 1435 Claro.
858 1369 922 1434 Hic
946 1390 1021 1433 con-

221 1476 339 1556 stituit,
368 1481 405 1540 ιιι
427 1475 532 1539 nullus
565 1474 742 1538 monachus
776 1474 864 1560 palla
895 1481 1022 1538 sacrata

221 1580 415 1664 contingerit
437 1599 498 1643 nec
513 1579 643 1642 incenso
660 1597 783 1663 ponere
806 1579 891 1641 intra
911 1569 1023 1642 ¹saneta

222 1683 369 1747 ecclesia.
416 1681 479 1746 Hic
503 1682 581 1746 lecit
603 1681 822 1746 ordinationes
844 1679 897 1744 ΙΙΙ

220 1816 280 1882 per
301 1817 402 1860 mens.
427 1793 594 1877 Decemb,
686 1811 689 1816 ·

220 1907 329 1994 presb.
345 1905 455 1988 XVII,
479 1905 560 1971 diac.
577 1904 688 1989 VIIII,
712 1907 883 1993 episcopos
899 1927 958 1992 per
974 1905 1022 1972 di·

222 2031 317 2075 vorsa
351 2012 423 2076 loca
445 2011 504 2074 XI.
565 2008 627 2083 Qui
664 2012 810 2097 sepultus
849 2015 899 2074 est
932 2011 1023 2074 iuxta

220 2135 338 2200 corpus
371 2114 462 2179 beati
495 2113 585 2178 Petri
607 2113 639 2178 X
669 2114 713 2180 kl.
742 2114 818 2179 Mai.
876 2113 1023 2178 Cessavit

221 2219 428 2304 episcopatus
452 2217 521 2283 dies
544 2217 603 2283 XI.

263 2375 341 2422 ιιιιιι.
364 2355 525 2438 Esnvrrn,
547 2357 678 2420 natione
702 2355 841 2438 Crocus,
866 2377 908 2420 ex
931 2361 1023 2442 patre

220 2459 376 2542 Abunde,
409 2459 450 2525 de
483 2460 602 2546 oppido
632 2459 797 2545 Nicopoli,
835 2459 919 2524 sedit
950 2480 1022 2523 ann.

220 2562 284 2627 XV
307 2584 408 2628 mens.
433 2565 486 2629 ΙΙΙ
519 2565 589 2628 dics
611 2565 655 2628 II.
714 2563 790 2627 Fuit
824 2563 1024 2649 temporibus

221 2667 376 2732 Antonini
413 2675 447 2733 et
475 2666 645 2733 Commodi
672 2689 774 2754 usquc
805 2667 847 2732 ad
880 2667 1023 2732 Paterno

225 2778 258 2836 et
284 2771 425 2838 Bradua.
479 2772 544 2838 Hic
567 2773 694 2858 accepit
717 2772 855 2859 epistula
879 2792 899 2834 a
920 2771 1022 2836 Lucio

222 2875 379 2940 Brittania
417 2896 513 2960 rege,
550 2883 585 2940 ut
621 2877 811 2941 christianus
842 2875 1025 2940 efficeretur

222 3001 282 3066 per
304 2980 372 3043 eius
394 2979 592 3047 mandatum.
642 2979 684 3044 Et
707 2981 768 3045 hoc
792 2981 966 3056 contenuit,
988 2985 1024 3044 ιιι

225 3085 329 3148 nullus
362 3083 586 3169 repudiaretur
620 3105 640 3148 a
671 3083 850 3147 christianis
883 3085 1023 3148 maxime

223 3187 371 3252 fidelibus
395 3207 457 3272 que
481 3187 560 3251 deus
576 3189 706 3269 creavit,
730 3189 784 3274 qui
800 3193 908 3251 tamen
924 3188 1022 3252 ratio·

223 3293 312 3356 noles
336 3296 417 3355 sunt.
463 3289 527 3354 Hic
551 3289 628 3356 fecit
651 3289 870 3355 ordinationes
893 3290 943 3354 Ill

222 3433 281 3499 per
303 3433 405 3478 mens.
428 3409 596 3493 Deeemb,

220 3533 328 3619 presb.
338 3532 415 3614 XII,
433 3531 617 3614 diacVIlI,
635 3532 805 3618 episcopos
821 3553 880 3619 per
896 3530 1023 3596 diversa

220 3637 293 3701 loca
316 3635 389 3702 XV.
444 3635 507 3710 Qui
534 3636 679 3721 sepultus
710 3643 759 3700 ost
787 3637 878 3700 iuxta
907 3656 1022 3720 corpus

219 3740 309 3804 beati
332 3740 422 3804 Patri
438 3738 521 3802 VIII
545 3739 588 3804 kl.
605 3739 675 3803 Iun.
723 3739 872 3805 Cessavit
896 3741 1021 3826 episco-

221 3848 315 3930 patus
339 3842 408 3906 dies
431 3840 524 3906 XVI.

264 3984 316 4027 xv.
340 3961 479 4045 Vrmon,
502 3963 633 4028 natione
656 3964 752 4047 Afer,
777 3986 819 4030 ex
842 3971 934 4050 patre
958 3965 1022 4029 Fe-

221 4068 296 4149 lice,
320 4065 405 4131 sedit
432 4087 504 4131 ann.
529 4065 561 4130 X
591 4088 692 4133 mens.
715 4066 750 4131 ll
776 4067 845 4133 dies
868 4068 909 4134 X.
947 4067 1023 4132 Fuit

223 4170 422 4257 temporibus
460 4169 609 4234 Caesaris
648 4173 814 4236 consolatu
852 4171 1023 4236 Commodi

222 4273 364 4338 secundo
397 4281 430 4339 ct
454 4271 631 4338 Glabrione
660 4296 762 4360 usque
795 4275 837 4341 ad
859 4275 1022 4340 Laterano

222 4383 255 4440 et
277 4376 405 4442 Rufino.
460 4375 524 4442 Hie
553 4379 727 4461 constituit,
751 4384 786 4443 ut
819 4379 940 4466 pascha
970 4378 1022 4444 die

223 4479 383 4545 dominico
423 4483 659 4564 celebraretur,
695 4483 778 4548 sicut
812 4483 900 4550 Pius.
959 4482 1023 4547 Hic

223 4585 300 4648 iecit
324 4593 498 4670 sequentes
519 4587 632 4653 cleros.
672 4585 826 4673 Martyria
842 4592 1021 4651 coronatur.

223 4687 412 4768 Constituit,
435 4695 471 4754 ut
494 4692 688 4756 necessitate
713 4692 869 4772 iaciente,
893 4691 947 4755 ubi
974 4692 1022 4755 in-

223 4799 337 4855 ventus
361 4793 484 4872 fuisset,
508 4796 576 4860 sivo
599 4796 631 4858 in
647 4795 777 4859 flumine
802 4797 870 4860 sive
893 4795 1023 4858 inmari

223 4896 289 4961 sive
313 4897 345 4960 in
369 4896 491 4962 iontem

223 5022 279 5080 aut
301 5017 333 5080 in
356 5023 516 5102 stagnum,

223 5143 347 5202 tantum
364 5139 537 5204 christiano
554 5138 755 5204 confessione
773 5137 937 5204 declarat-a
954 5159 1023 5203 cre-

224 5239 376 5306 dulitates

224 5362 360 5428 efficerit
382 5364 509 5448 integer
532 5363 722 5428 christianus

224 5485 417 5571 quicumque
440 5485 606 5549 hominum
630 5505 672 5568 ex
695 5484 817 5568 gentile
835 5483 967 5548 veniens
989 5489 1025 5545 ut

225 5588 451 5675 baptizaretur.
496 5588 539 5652 Ft
562 5589 640 5652 fecit
663 5588 832 5652 concilium

225 5715 258 5773 et
281 5710 491 5795 interrogatio
515 5710 602 5774 facta
626 5717 675 5774 est

1814 443 1876 506 235

1360 609 1597 666 CONONIANA

1074 716 1105 780 V
1121 716 1163 780 id.
1180 717 1240 780 lul.
1287 714 1434 782 Cessavit
1450 717 1656 802 episcopatus
1674 715 1744 781 dies
1759 714 1875 782 XIIII.

1119 977 1184 1024 ιιιιι.
1208 957 1322 1038 Soura,
1346 955 1477 1021 natione
1501 955 1695 1044 Campanus,
1719 977 1762 1022 ex
1784 963 1876 1044 patre

1076 1060 1274 1138 Concordia,
1309 1059 1350 1124 de
1385 1061 1514 1142 civitate
1537 1061 1674 1144 Fundis,
1706 1060 1791 1126 sedit
1825 1083 1877 1129 an.

1075 1162 1159 1228 VIII
1181 1184 1283 1228 mens.
1299 1162 1333 1227 Il
1356 1163 1425 1228 dies
1441 1165 1532 1229 XXI.
1578 1165 1654 1231 Fuit
1677 1165 1876 1252 temporibus

1076 1267 1204 1348 Severi,
1243 1287 1262 1331 a
1301 1270 1469 1333 consolatu
1503 1268 1627 1335 Rustici
1666 1275 1699 1334 et
1732 1269 1877 1355 Aquilini

1075 1392 1178 1457 usque
1201 1371 1243 1435 ad
1261 1371 1387 1455 Cetego
1411 1377 1445 1435 et
1462 1371 1568 1437 Claro.
1613 1373 1677 1438 Hic
1700 1373 1874 1452 constituit,

1076 1482 1111 1540 ut
1143 1477 1250 1541 nullus
1287 1475 1465 1539 monachus
1499 1478 1607 1561 pallea
1639 1483 1766 1541 sacrata
1800 1498 1876 1541 acn-

1077 1581 1218 1665 tingeret
1245 1599 1306 1643 nee
1333 1579 1499 1643 incensum
1534 1587 1671 1666 poneret
1704 1581 1788 1644 intra
1823 1602 1876 1644 ec-

1076 1684 1216 1747 clesiam.
1262 1681 1326 1746 Hic
1350 1682 1427 1748 fecit
1451 1683 1670 1748 ordinationes
1693 1684 1756 1766 IIl,

1076 1907 1183 1992 presb.
1207 1905 1352 1990 XVIIII,
1381 1905 1462 1971 diae.
1483 1905 1599 1989 VIIII,
1625 1909 1795 1995 episcopos
1817 1909 1877 1976 XI.

1077 2010 1138 2084 Qui
1163 2011 1308 2097 sepultus
1336 2017 1385 2075 est
1417 2012 1508 2075 iuxta
1531 2031 1647 2098 eorpus
1674 2012 1764 2076 beati
1787 2013 1877 2078 Petri

1076 2114 1109 2178 X
1132 2115 1163 2179 k.
1187 2115 1263 2181 Mai.
1309 2112 1457 2180 Cessavit
1487 2114 1693 2202 episcopatus
1722 2115 1792 2182 dies
1815 2115 1875 2182 XI.

1119 2377 1196 2422 ιιιιιι.
1219 2353 1449 2434 Ειιντιιιιιιιε,
1474 2357 1604 2421 natione
1629 2355 1762 2438 Crecus,
1785 2365 1877 2444 patre

1077 2458 1246 2541 Abundio,
1282 2457 1322 2523 de
1353 2459 1451 2545 opido
1480 2461 1673 2547 Nicopoliri,
1709 2461 1793 2527 sedit
1827 2483 1878 2526 an.

1077 2564 1141 2629 XV
1173 2585 1274 2628 mens.
1299 2562 1349 2627 III
1384 2561 1453 2628 dies
1477 2565 1519 2630 ΙΙ.
1574 2565 1650 2630 Fuit
1679 2565 1879 2652 temporibus

1076 2668 1211 2732 Antonii
1248 2675 1281 2732 et
1310 2666 1481 2733 Commodi
1518 2691 1619 2756 usque
1658 2668 1700 2734 ad
1738 2670 1878 2734 Paterno

1077 2779 1110 2837 et
1125 2771 1266 2837 Bradua.
1311 2772 1375 2838 Hic
1398 2774 1524 2859 accepit
1547 2775 1717 2861 epistolam
1731 2773 1761 2836 'a
1777 2771 1878 2837 Lucio

1076 2874 1221 2940 Britonio
1252 2896 1303 2958 re,
1334 2881 1369 2939 ut
1401 2875 1591 2942 christianus
1615 2879 1797 2942 efficeretur
1819 2897 1879 2963 per

1077 2981 1145 3044 eius
1177 2979 1374 3045 mandatum.
1430 2981 1473 3045 Et
1500 2983 1679 3062 constituit,
1707 2987 1743 3045 ut
1770 2981 1875 3045 nullus

1076 3085 1217 3148 cassules
1245 3084 1470 3171 repudiaretur
1493 3105 1512 3149 a
1534 3085 1712 3149 christianis
1734 3085 1875 3148 maxime

1075 3187 1238 3272 fidelibus,
1272 3187 1358 3274 quod
1392 3187 1472 3252 deus
1502 3189 1638 3271 creavit,
1672 3208 1734 3273 quo
1766 3193 1874 3251 tamen

1074 3291 1217 3356 rationes
1240 3283 1323 3356 sunt.
1367 3291 1429 3356 Hie
1453 3292 1530 3356 iecit
1554 3290 1772 3356 ordinationes
1794 3289 1855 3372 111,

1074 3533 1181 3617 presb.
1198 3531 1276 3616 XII,
1293 3533 1373 3598 diae.
1390 3532 1482 3614 VIII,
1506 3535 1675 3620 episcopos
1692 3532 1766 3598 XV.
1813 3532 1873 3597 Se-

1074 3636 1247 3722 pultusque
1264 3644 1314 3701 cst
1328 3639 1419 3701 iuxta
1435 3658 1549 3722 corpus
1566 3637 1654 3701 boati
1670 3637 1760 3701 Patri
1772 3635 1874 3701 VIIII

1074 3739 1106 3803 k.
1130 3738 1200 3805 Iun.
1247 3739 1393 3805 Cessavit
1417 3741 1620 3826 episcopatus
1644 3739 1714 3802 dies
1736 3739 1826 3804 XVI.

1125 3963 1340 4045 xv.V1cron,
1378 3964 1509 4027 natione
1547 3961 1642 4046 Afer,
1679 3969 1771 4050 patre
1809 3963 1874 4027 Fe-

1074 4069 1145 4151 lice,
1169 4067 1254 4133 sedit
1277 4088 1327 4132 an.
1344 4066 1408 4130 XV
1431 4087 1531 4130 mens.
1552 4065 1603 4129 III
1627 4065 1696 4130 dies
1712 4065 1753 4130 X.
1800 4066 1876 4131 Fuit

1075 4171 1274 4258 temporibus
1288 4170 1414 4234 Cesaris
1431 4169 1570 4254 Augusti
1586 4189 1605 4232 a
1624 4169 1793 4233 Commodi
1811 4169 1874 4234 duo

1075 4281 1108 4339 et
1131 4274 1292 4338 Graviore
1316 4295 1418 4360 usque
1442 4273 1484 4337 ad
1507 4273 1670 4337 Laterone
1695 4283 1729 4336 et
1745 4273 1871 4340 Rufino.

1075 4377 1137 4442 Hic
1161 4379 1334 4460 constituit,
1358 4384 1393 4442 ut
1415 4377 1535 4463 paseha
1559 4375 1611 4440 die
1635 4375 1795 4442 dominico
1820 4399 1873 4442 ee-

1074 4482 1269 4564 lebraretur,
1301 4483 1383 4546 siout
1414 4489 1447 4546 et
1477 4480 1619 4546 Eleuter.
1692 4481 1755 4545 Hie
1799 4483 1875 4546 feeit

1075 4591 1248 4671 sequentes
1272 4587 1384 4651 clerus.
1425 4585 1580 4672 Martyria
1605 4592 1785 4651 coronatur.
1832 4585 1874 4648 Et

1076 4690 1255 4772 constituit,
1279 4697 1314 4754 ut
1337 4691 1530 4754 necessitate
1554 4690 1710 4768 iaciente,
1740 4689 1795 4752 ubi
1826 4690 1874 4751 in-

1077 4799 1207 4857 ventum
1243 4793 1369 4876 fnisset,
1409 4795 1476 4859 sive
1511 4794 1542 4857 in
1576 4793 1706 4858 llumiue
1739 4792 1806 4856 sive
1844 4793 1875 4855 in

1076 4897 1157 4960 mari
1180 4898 1247 4962 sive
1270 4898 1303 4961 in
1326 4898 1426 4976 fonte,

1078 5144 1201 5202 tantum
1239 5139 1410 5203 christiano
1448 5159 1489 5202 ne
1531 5137 1697 5201 declarata
1735 5135 1875 5200 creduli-

1078 5247 1178 5307 tatem

1078 5443 1300 5569 graecumque
1330 5481 1495 5546 hominum
1524 5503 1566 5544 ox
1595 5483 1716 5566 gentile
1744 5483 1877 5548 veniens

1078 5586 1272 5672 baptizetur.
1315 5584 1358 5649 Et
1381 5587 1459 5650 iecit
1481 5587 1615 5650 coneilio

1620 5817 1674 5872 30!
