4538 6420
916 383 1199 442 Paouacouarvs.
1810 387 1890 442 XVII

337 559 389 624 Ex
429 559 580 625 institutis
616 560 842 626 ecclesiasticis
880 560 914 624 in
950 559 1033 624 libro
1070 560 1249 648 pontificali
1283 561 1470 626 memoratis
1506 582 1605 626 unum
1643 567 1746 645 certe,
1784 561 1889 627 iudice

233 662 421 728 Duchesuio
443 665 514 750 ipso
537 685 568 749 p.
589 667 660 744 125,
684 663 842 748 Gregorio
865 683 983 748 magno
1007 665 1168 749 posterius
1192 670 1255 744 est,
1278 664 1430 729 ieiunium
1455 665 1577 730 scilicet
1597 666 1750 751 paschale
1774 687 1888 731 sacun-

235 767 310 832 dum
335 769 488 854 epistulas
503 766 622 832 Leonis
636 767 664 850 I,
685 767 817 848 Gelasii,
842 766 992 852 Gregorii
1007 769 1117 853 magni
1136 788 1195 832 sax
1210 767 1461 852 hebdomadum,
1483 769 1517 834 in
1531 767 1729 834 Pontificalis
1745 769 1886 834 editione

234 877 371 958 utraque
398 872 456 938 sub
473 872 672 959 Telesphoro
697 873 741 957 (p.
763 875 811 952 12,
825 873 858 958 3)
883 871 925 936 ad
947 877 1073 956 septem
1096 867 1320 936 hebdomadae
1337 879 1518 939 extensum.
1556 871 1637 936 Inde
1653 873 1888 938 cum-Duches-

235 975 305 1040 nius
329 975 474 1042 effecerit
501 977 664 1062 scriptoris
686 977 843 1061 pietatem
867 975 1063 1060 singularem
1087 981 1120 1066 et
1143 975 1363 1062 amplificandi
1385 977 1488 1042 cultus
1512 976 1664 1058 studium,
1687 997 1745 1040 nos
1770 997 1788 1042 e
1812 996 1889 1040 con-

236 1079 333 1142 trario
367 1079 556 1164 colligemus
590 1100 665 1144 eum
700 1079 866 1164 scripsisse
899 1083 974 1164 post
1004 1078 1197 1164 Gregorium
1227 1099 1389 1164 magnum.
1442 1077 1476 1143 Si
1508 1081 1562 1165 qui
1589 1101 1696 1146 rerum
1728 1101 1889 1145 sacrarum

235 1183 338 1268 magis
367 1203 464 1268 quam
486 1204 557 1247 sum
580 1204 641 1269 ego
665 1183 758 1268 gnari
784 1183 901 1248 similia
923 1183 1057 1247 ulterius
1080 1188 1326 1270 persequentur,
1357 1183 1492 1248 fortasse
1522 1185 1590 1248 eius
1617 1185 1746 1268 generis
1773 1185 1890 1249 aetatis

234 1286 352 1351 indicia
374 1287 439 1351 alia
461 1287 717 1374 deprehendent.
786 1279 788 1284 ’

335 1389 511 1455 Intervalla
534 1390 673 1477 denique
696 1391 780 1456 iuter
802 1391 1018 1482 episcopatus,
1043 1409 1126 1476 quae
1150 1411 1221 1454 cum
1245 1389 1352 1454 absint
1375 1411 1394 1453 a
1417 1391 1548 1476 reliquis
1574 1391 1802 1478 episcoporum
1822 1391 1889 1456 Ro-

234 1514 402 1558 manorum
436 1495 599 1561 laterculis
632 1501 745 1560 auctor
772 1495 968 1559 Pontificalis
999 1493 1073 1558 libri
1104 1500 1264 1580 perpetuo
1293 1495 1453 1576 enuntiat,
1483 1495 1528 1560 sic
1562 1501 1597 1558 ut
1625 1497 1777 1580 leguntur
1807 1495 1891 1560 infra

235 1595 442 1662 ostendemus
462 1599 618 1685 perscribi
636 1620 701 1663 non
717 1599 862 1685 potuisse
879 1605 987 1664 aetate
1003 1597 1271 1682 Theodericiana,
1294 1597 1354 1662 sed
1377 1597 1534 1684 originem
1556 1599 1632 1664 libri
1647 1621 1706 1686 per
1723 1619 1762 1664 ea
1777 1600 1891 1664 referri

234 1701 277 1766 ad
300 1703 423 1768 saeculi
445 1704 575 1790 septimi
598 1703 756 1770 decennia
779 1705 895 1790 priora.

338 1805 495 1893 Superest
516 1815 552 1872 ut
573 1807 741 1874 videamus
764 1808 805 1874 de
827 1807 1019 1874 narrationis
1042 1806 1253 1874 continuitate
1277 1812 1311 1871 et
1333 1806 1490 1872 sermonis
1512 1807 1725 1893 proprietate.

337 1909 435 1976 Vitae
459 1919 580 1997 quanta
603 1912 811 1978 similitudine
834 1912 1039 1999 explicentur
1060 1932 1121 1997 per
1142 1911 1273 1974 saecula
1295 1911 1418 1998 priora,
1446 1932 1512 1976 non
1536 1932 1616 1997 opus
1640 1916 1690 1976 ast
1714 1931 1890 1996 exponere.

235 2015 303 2080 Sub
325 2016 455 2079 nomine
470 2014 605 2082 Damasi
628 2037 699 2081 cum
723 2023 835 2082 auctor
856 2017 959 2082 latere
982 2016 1130 2098 voluerit,
1155 2020 1311 2100 expectes
1334 2035 1409 2079 eum
1431 2016 1571 2100 primum
1587 2015 1695 2100 operis
1718 2015 1891 2079 terminum

234 2118 655 2195 lecisseinLiberi031ed
677 2121 835 2207 scriptori,
859 2121 914 2207 qui
935 2120 1081 2185 Felicem
1097 2118 1130 2184 II
1151 2119 1185 2183 in
1207 2120 1273 2184 vita
1296 2118 1418 2184 Liberii
1441 2121 1486 2183 ait
1509 2121 1542 2184 in
1563 2119 1733 2206 praediolo
1757 2140 1814 2184 suo
1838 2140 1890 2184 re-

235 2223 395 2308 quievisse
419 2229 453 2288 et
475 2230 548 2309 post
569 2244 691 2309 paucos
714 2245 825 2290 versus
848 2223 939 2289 addit
961 2222 1101 2288 eundem
1124 2223 1230 2309 capite
1255 2243 1326 2288 esse
1350 2229 1548 2305 trvmcatum,
1571 2225 1717 2309 apprime
1742 2226 1892 2289 convenit

235 2347 350 2412 corpus
372 2327 509 2391 vitarum
526 2349 545 2391 a
560 2327 703 2393 Damaso
727 2329 939 2410 elaboratum,
963 2327 1115 2392 seditem
1140 2328 1305 2392 continens
1328 2329 1396 2392 sine
1421 2329 1486 2393 ulla
1509 2330 1648 2393 auctoris
1671 2329 1786 2393 mutati
1807 2329 1890 2393 indi-

235 2431 361 2494 catione
388 2437 422 2495 et
448 2432 548 2516 ipsius
570 2430 706 2496 Damasi
726 2433 826 2497 vitam
856 2438 890 2496 et
917 2452 1148 2513 successorum,
1177 2437 1322 2496 narratas
1353 2452 1464 2497 omnes
1495 2433 1566 2518 pari
1597 2438 1630 2496 et
1658 2431 1890 2518 aequabilitate

235 2541 268 2598 et
299 2535 454 2599 exilitate.
500 2535 723 2600 Recensentnr
749 2535 781 2600 in
809 2536 942 2621 siugulis
970 2541 1136 2600 momenta
1165 2535 1281 2600 eadem
1317 2535 1435 2600 eodem
1470 2535 1538 2601 fere
1575 2535 1686 2601 ordine
1723 2538 1890 2612 collocata,

234 2639 413 2726 interrupta
435 2639 486 2704 hic
508 2640 573 2705 illic
595 2661 655 2727 per
683 2641 797 2726 longor
825 2639 1029 2705 donariorum
1057 2661 1218 2705 recensus.
1263 2639 1337 2704 Non
1361 2642 1489 2706 omniuo
1515 2639 1631 2706 desunt
1652 2642 1804 2710 meliora:
1833 2640 1892 2706 sed

235 2765 307 2807 cum
331 2745 453 2808 auctori
477 2747 569 2832 copia
592 2745 688 2810 fuerit
711 2746 933 2810 chronicorum
956 2745 1159 2826 Italicorum,
1186 2752 1221 2809 ut
1244 2765 1322 2836 mcx
1345 2745 1390 2831 (p.
1408 2744 1505 2830 XIX)
1530 2746 1728 2827 videbimus,
1757 2766 1891 2810 necesse

235 2853 285 2912 est
307 2848 390 2912 inter
413 2847 524 2913 sordes
548 2851 632 2935 frugi
655 2850 815 2936 quaedam
839 2871 1009 2936 apparere.
1055 2850 1106 2914 Ita
1129 2851 1161 2914 iu
1184 2851 1250 2915 vita
1266 2849 1389 2914 Liberii
1413 2871 1484 2914 cum
1509 2849 1672 2915 erroribus
1696 2850 1891 2935 gravissimis

235 2952 372 3015 conflata
396 2959 445 3016 est
467 2956 607 3018 narratio
630 2955 807 3040 probabilis
831 2961 864 3020 et
886 2953 973 3040 apud
996 2959 1161 3019 auctorem
1176 2953 1328 3018 Latinum
1352 2954 1449 3018 alium
1471 2956 1593 3019 nullum
1617 2960 1757 3039 reperta.
1796 2953 1892 3027 Quod

235 3055 304 3120 fuse
335 3059 485 3142 exposuit
506 3058 709 3124 Duchesnius
739 3056 856 3146 (praef.
887 3080 917 3144 p.
938 3057 1291 3143 XXXVI-XLVIII)
1321 3059 1362 3123 ab
1385 3058 1559 3124 Anastasio
1583 3057 1616 3122 H
1648 3057 1689 3122 ad
1721 3058 1891 3122 Silverium

234 3159 278 3244 (a.
295 3160 481 3248 tac—537)
515 3164 733 3228 narrationem
766 3170 854 3228 reete
889 3161 1083 3248 procedere,
1117 3182 1275 3247 apparere
1311 3163 1410 3227 etiam
1436 3162 1489 3227 hle
1516 3163 1581 3227 illic
1614 3160 1734 3227 indicia
1762 3162 1891 3248 spiritus

235 3263 314 3342 eius,
338 3286 400 3351 quo
423 3273 579 3352 reguntur
600 3269 763 3353 aequales,
786 3266 821 3332 id
843 3288 901 3332 nos
924 3286 1052 3354 quoque
1075 3265 1260 3351 probamus,
1284 3265 1343 3331 sed
1364 3272 1472 3330 utrmn
1495 3266 1693 3330 Pontificalis
1717 3265 1798 3330 haec
1821 3267 1890 3351 ipse

235 3367 276 3431 de
299 3389 357 3433 sua
379 3371 536 3435 memoria
559 3378 688 3436 enarret
710 3393 751 3436 an
768 3377 927 3458 ,sequatur
949 3370 1070 3435 bonum
1086 3376 1263 3453 auctorem,
1286 3369 1320 3434 id
1341 3371 1514 3457 quaeritur,
1539 3371 1681 3434 maxime
1704 3371 1737 3434 in
1760 3370 1889 3434 homine

234 3493 485 3559 saepenumero,
519 3480 555 3539 ut
587 3477 777 3562 praesertim
812 3475 1034 3541 demonstrant
1067 3495 1150 3562 quae
1188 3496 1231 3540 ex
1265 3476 1346 3540 actis
1380 3477 1505 3542 concilii
1534 3475 1688 3540 Laterani
1718 3475 1890 3561 excerpsit,

235 3574 432 3662 descriptore
450 3581 552 3666 magis
576 3601 672 3666 quam
696 3581 863 3666 scriptore.
901 3578 1006 3652 Quam
1029 3578 1117 3644 rudis
1140 3579 1222 3644 haec
1245 3581 1349 3644 moles
1371 3581 1422 3662 sit,
1447 3581 1580 3666 egregie
1602 3580 1671 3665 ipse
1687 3577 1891 3644 Duchesnius

235 3681 269 3766 (l.
287 3702 313 3746 c.
332 3687 366 3746 et
387 3704 419 3768 p.
437 3687 512 3764 294)
537 3683 654 3768 docuit,
679 3683 901 3750 demonstraus
923 3686 957 3749 in
979 3683 1089 3750 media
1110 3683 1179 3748 vita
1201 3681 1330 3748 Silverii
1352 3682 1428 3748 iuda
1452 3683 1595 3748 averbis
1618 3706 1648 3769 p.
1671 3687 1765 3765 146,ι
1788 3683 1891 3746 eodan

234 3789 368 3866 tempore
401 3787 575 3853 ambrdaoit
607 3791 822 3855 narrationem
854 3789 996 3877 incipere
1025 3808 1147 3873 magna
1175 3808 1218 3852 ex
1250 3794 1344 3873 parte
1377 3793 1452 3853 ante
1484 3789 1652 3874 proposita
1685 3779 1893 3873 repetentem

234 3889 347 3973 spiritu
369 3892 465 3976 plane
490 3892 616 3959 diverso
634 3900 667 3960 et
682 3895 750 3958 sine
775 3892 872 3959 dubio
896 3895 929 3958 in
951 3893 1115 3979 plerisque
1139 3893 1406 3957 commenticiam.
1444 3891 1538 3957 Idem
1554 3891 1757 3956 Duchesnius
1779 3912 1889 3956 narra·

234 3992 338 4056 tiones
365 3994 437 4058 illas
468 4003 557 4062 recte
588 3995 802 4083 procedentes
829 4019 892 4062 non
918 4002 1019 4082 negat
1043 3996 1234 4081 interrumpi
1256 3996 1368 4060 mortis
1397 3994 1513 4061 diebus
1545 3996 1648 4076 falsis,
1675 4002 1711 4060 ut
1736 3997 1767 4062 in
1791 3995 1889 4060 Boni-

235 4095 313 4160 latio
330 4097 364 4160 II
386 4099 432 4184 (p.
454 4105 522 4181 146,
533 4100 560 4186 ι)
585 4107 618 4166 et
639 4102 784 4165 Iohanne
804 4101 839 4166 Il
862 4099 1068 4187 (p.141,ss);
1099 4120 1155 4164 eos
1184 4099 1253 4164 dies
1280 4100 1326 4164 ait
1354 4099 1582 4185 interpolatos,
1616 4101 1685 4186 quis
1713 4101 1889 4186 interpola-

234 4201 332 4280 verit,
360 4223 425 4266 non
447 4203 538 4284 dicit,
567 4226 638 4269 eum
667 4204 835 4270 evidenter
856 4205 996 4268 narratio
1019 4225 1098 4268 vera
1121 4203 1230 4268 veniat
1261 4203 1302 4267 ab
1333 4209 1464 4268 auctore
1494 4204 1654 4289 expilata,
1686 4202 1755 4268 dies
1784 4204 1889 4269 ficticii

234 4303 275 4366 ab
305 4306 495 4391 expilatore.
545 4307 652 4396 Saepe
682 4314 842 4396 apparent
869 4307 987 4373 indicia
1010 4309 1148 4372 auctoris
1172 4307 1332 4392 aequalis,
1364 4308 1506 4392 exempli
1530 4327 1628 4372 causa
1649 4309 1682 4372 in
1706 4309 1771 4372 vita
1794 4309 1888 4394 Sym-

235 4409 340 4473 machi
362 4413 546 4476 consulatus
568 4412 696 4477 Paulini
719 4412 895 4478 secuudum
922 4432 1014 4476 usum
1038 4410 1211 4477 GothIcum
1238 4411 1436 4496 (p.122,ar),
1462 4417 1495 4474 et
1518 4415 1666 4496 tempore
1690 4412 1888 4498 procedente

234 4514 370 4600 scriptor
396 4537 416 4579 a
445 4517 542 4582 meris
575 4518 692 4584 fabulis
722 4519 887 4583 abstinens
918 4517 952 4580 in
982 4517 1168 4580 universum
1203 4514 1348 4601 sequitur
1383 4513 1529 4579 ordinem
1563 4535 1671 4579 rerum
1708 4522 1888 4600 gestarum;

233 4617 438 4684 nihilominus
465 4621 631 4686 abundant
659 4643 784 4688 errores
813 4623 912 4704 tales,
946 4621 1059 4706 quales
1089 4619 1235 4706 aequalis
1258 4618 1460 4684 committere
1489 4639 1554 4684 non
1583 4620 1697 4704 potuit.
1742 4617 1839 4684 Certe
1863 4621 1890 4684 si

232 4722 306 4786 libri
334 4721 432 4788 editio
466 4726 553 4811 prior
580 4726 699 4812 scripta
732 4733 796 4808 est,
830 4731 866 4790 ut
893 4746 966 4790 eam
994 4725 1145 4810 scriptam
1177 4723 1281 4789 credit
1310 4721 1529 4803 Duchesnius,
1561 4723 1696 4788 sedente
1726 4723 1888 4788 Bonifatio

234 4826 375 4892 secundo
401 4828 611 4914 (tao-532),
638 4829 672 4894 id
695 4835 744 4894 est
767 4829 826 4894 sub
849 4849 928 4914 rege
951 4828 1139 4893 Athalarico
1161 4828 1195 4891 in
1217 4828 1287 4914 ipso
1312 4829 1450 4892 termino
1480 4829 1572 4913 regni
1596 4826 1829 4913 Ostrogothici,
1859 4829 1889 4892 ei

235 4931 381 5016 epochae
408 4934 547 4998 narratio
577 4940 783 5019 nequaquam
812 4933 971 4998 convenit.
1024 4930 1245 4996 Theodericus
1275 4931 1308 4996 in
1336 4931 1478 4996 editione
1510 4932 1618 5017 priore
1651 4933 1709 4996 sub
1745 4933 1888 5018 epitheto

233 5034 388 5101 haeretici
419 5037 576 5101 introduci
611 5037 703 5101 solet.
756 5037 787 5101 A
816 5036 1011 5124 Symmacho
1046 5035 1194 5100 dicuntur
1224 5033 1368 5099 damnati
1402 5055 1474 5099 esse
1502 5035 1618 5100 Petrus
1646 5037 1776 5101 invasor
1802 5036 1888 5101 sedis

234 5139 432 5223 apostolicae
467 5145 500 5204 et
530 5139 723 5205 Laurentius
749 5140 930 5206 Nucerinus
965 5140 1010 5227 (p.
1040 5143 1108 5220 121,
1125 5137 1180 5223 a);
1214 5139 1305 5204 illum
1335 5144 1447 5203 notum
1480 5144 1529 5203 est
1563 5139 1661 5204 irrisae
1689 5141 1888 5204 visitatorem

234 5241 320 5306 sedis
334 5241 514 5322 Romanae,
537 5244 622 5310 hunc
639 5244 824 5330 Symmachi
847 5244 1067 5310 adversarium
1090 5249 1124 5308 et
1143 5243 1246 5308 coacti
1269 5249 1343 5308 sunt
1358 5243 1466 5308 clerici
1482 5243 1596 5308 urbani
1612 5243 1888 5310 anathematizare

235 5347 379 5412 ‘Petrum
415 5348 593 5414 Altinatem
627 5354 661 5413 et
689 5348 899 5414 Laurentium
933 5348 1102 5414 Romanae
1137 5349 1296 5414 ecclesiae
1329 5345 1546 5434 pervasorem’
1580 5346 1690 5432 (Thiel
1721 5367 1772 5433 ep.
1799 5355 1887 5434 pont.

240 5455 358 5528 1,697;
381 5450 480 5515 index
503 5439 546 5516 ad
569 5451 752 5518 Cassicdcri
774 5453 880 5517 varias
901 5474 932 5538 p.
950 5451 1042 5538 495);
1072 5453 1219 5538 potuitne
1246 5452 1390 5539 aequalis
1412 5452 1502 5516 Patri
1532 5457 1566 5516 et
1587 5451 1756 5515 Laurentii
1779 5460 1888 5537 partes

234 5554 279 5616 ita
302 5553 499 5620 contundere
523 5563 557 5620 et
578 5557 760 5622 invertere?
788 5557 935 5643 potuitne
963 5577 1071 5622 rerum
1095 5556 1240 5622 ordinem
1268 5557 1313 5622 ita
1334 5556 1542 5643 perturbare,
1574 5562 1609 5619 ut
1630 5561 1705 5641 post
1726 5564 1889 5622 narratam

237 5655 423 5741 Symmachi
446 5661 529 5724 ‘cum
545 5659 658 5745 gloria’
675 5661 873 5747 agnitionem
896 5667 1072 5748 sequantur
1094 5661 1208 5726 turbae
1224 5662 1411 5726 notissimae
1433 5661 1610 5746 primorum
1627 5660 1695 5725 eius
1711 5669 1888 5728 annorum?

335 5794 410 5832 trata
427 5794 600 5833 Pou'rmcsurs
614 5797 632 5834 I.
1669 5798 1684 5834 θ
