4538 6420
931 415 1213 472 Paotaeouarrs.
1847 419 1899 474 XV

248 590 394 677 quadrat.
439 590 554 676 Longe
576 590 775 677 probabilius
798 595 976 655 statuemus
992 591 1182 676 scriptorem
1199 589 1362 673 hucusque
1379 592 1571 657 vocabulum
1586 594 1731 678 posuisse
1756 592 1797 658 de
1821 613 1904 658 enno

247 696 438 781 scriptionis,
453 693 628 760 secundum
646 693 913 760 consuetudinem
928 694 1133 759 librariorum
1149 696 1360 773 notissimam,
1378 702 1412 760 et
1424 695 1599 761 adventum
1611 697 1757 782 intellegi
1772 697 1902 782 Lango-

246 798 420 864 bardorum
442 800 474 862 in
495 799 634 880 Italiam,
658 819 720 884 quo
744 819 801 883 pro
830 818 907 862 aera
937 797 1036 862 etiem
1058 796 1211 863 Rotherie
1236 819 1296 864 rex
1318 800 1417 864 utitur
1439 801 1473 864 in
1496 801 1634 886 prologo
1659 800 1766 867 edicti.
1803 803 1830 866 is
1855 807 1904 866 est

246 923 274 966 a.
297 924 329 989 p.
354 902 427 968 Ohr.
446 905 522 985 568,
550 922 650 967 annus
677 901 776 987 igitur
803 900 844 965 ab
873 921 911 965 eo
936 899 1113 966 CXXVIII
1141 899 1184 965 fit
1200 904 1283 982 698,
1314 901 1459 968 incidens
1488 903 1520 968 in
1548 904 1687 990 spatium
1710 906 1903 971 successoris
2016 916 2020 926 “

248 1005 387 1070 Cononis
410 1006 517 1092 Sergii
539 1005 556 1070 I
580 1007 789 1090 (cer-701).

348 1109 456 1175 Etiam
490 1111 601 1175 classis
634 1111 749 1174 tertiae
784 1110 1044 1195 antiquissimum
1080 1110 1267 1194 exemplum
1301 1108 1399 1174 hodie
1432 1115 1561 1193 notum,
1595 1113 1717 1176 scilicet
1749 1112 1782 1177 id
1817 1111 1903 1199 quod

246 1216 413 1300 usurpavit
436 1215 630 1301 epitomator
653 1215 867 1296 Cononiauus,
890 1215 1025 1280 finiebat
1047 1216 1079 1279 in
1103 1214 1193 1279 obitu
1216 1212 1367 1281 Cononis.

346 1317 497 1405 Denique
526 1318 569 1383 ad
598 1319 737 1384 eundem
768 1320 940 1384 terminum
966 1319 1054 1384 ducit
1077 1317 1224 1383 codicum
1247 1319 1409 1385 secundae
1434 1319 1584 1385 editionis
1607 1320 1762 1386 condicio,
1799 1321 1900 1386 Vide-

245 1421 349 1486 bimus
371 1422 455 1488 im'ra
477 1430 544 1488 tam
567 1425 703 1510 primam
726 1425 864 1489 classem
895 1444 991 1510 quam
1022 1422 1197 1488 secundam
1222 1423 1353 1488 fluxisse
1378 1445 1420 1488 ex
1443 1423 1623 1511 archetypo
1646 1424 1807 1490 communi
1830 1445 1901 1488 eas-

246 1524 384 1611 demque
407 1525 440 1591 in
457 1527 529 1592 crisi
551 1528 643 1614 leges
667 1529 814 1594 obtinere
839 1529 982 1615 pariliter
1004 1547 1107 1613 usque
1123 1527 1165 1591 ad
1182 1526 1361 1593 Cononem.
1400 1527 1521 1593 Contra
1541 1529 1573 1592 in
1590 1530 1745 1594 extremis
1762 1529 1901 1615 quinque

243 1629 316 1694 vitis
332 1636 460 1696 nostrae
485 1630 634 1726 editionis
659 1632 805 1698 codicum
829 1633 1002 1698 affinitates
1024 1638 1188 1696 mutantur
1212 1637 1246 1696 et
1269 1637 1427 1719 apparent
1449 1632 1568 1698 indicia
1584 1632 1751 1719 archetypi
1775 1634 1902 1698 tractati

245 1733 382 1800 diverse.
418 1733 488 1800 Eae
502 1736 602 1821 igitur
615 1736 658 1801 ad
674 1757 789 1824 corpus
805 1736 944 1801 vitarum
961 1735 1183 1801 Oononianum
1198 1742 1274 1821 post
1288 1737 1493 1801 intervallum
1509 1736 1657 1801 adiectae
1674 1742 1756 1818 eunt,
1780 1737 1902 1822 pariter

244 1843 341 1925 atque
365 1840 489 1927 inipso
513 1841 652 1907 Lucensi
675 1842 801 1927 corpori
823 1841 946 1906 finienti
973 1841 1005 1905 in
1030 1839 1241 1904 Constantino
1268 1841 1525 1906 commentarioli
1548 1839 1612 1904 duo
1635 1840 1795 1905 subiuncti
1818 1847 1900 1923 sunt,

244 1945 331 2029 prior
360 1945 623 2029 quaternionibus
652 1966 798 2011 seorsum
826 1945 1002 2010 numeratis
1024 1943 1050 2008 Ι.
1073 1943 1116 2008 11.
1140 1941 1212 2031 [111]
1250 1943 1376 2009 hebens
1405 1945 1489 2009 vitas
1517 1945 1742 2029 episcoporum
1769 1965 1789 2008 a
1818 1943 1902 2008 Gre-

244 2047 333 2131 gorio
357 2048 391 2113 11
425 2047 624 2115 Constantini
658 2071 842 2116 successore
877 2049 919 2114 ed
952 2047 1153 2134 Stephanum
1176 2047 1210 2112 ΙΙ
1246 2046 1281 2132 (†
1304 2046 1397 2134 757),
1435 2049 1596 2135 posterior
1629 2069 1648 2112 a
1679 2047 1898 2134 praecedente

244 2159 412 2239 separatus
439 2152 516 2218 inde
545 2153 586 2218 ad
613 2153 848 2220 Hadrianuml
872 2153 906 2238 (†
923 2152 1014 2240 795);
1051 2159 1199 2218 tenemus
1228 2152 1282 2217 hic
1312 2153 1455 2217 suumne
1486 2151 1549 2217 duo
1582 2150 1687 2216 adhuc
1718 2173 1738 2216 a
1766 2172 1900 2237 corpore

246 2257 425 2342 antiquiore
450 2257 608 2322 distincte.
654 2257 809 2324 Similiter
831 2257 924 2322 Beda
955 2258 998 2321 ad
1021 2257 1172 2322 chronica
1199 2278 1258 2322 sua
1287 2256 1407 2342 scripta
1432 2278 1460 2322 a.
1479 2260 1540 2321 725
1568 2255 1715 2322 adhibuit
1736 2263 1901 2342 gestorum

245 2360 476 2445 pontificalium
505 2363 675 2448 exemplar
705 2363 896 2448 perveniens
928 2360 970 2425 ad
998 2362 1103 2447 ipsum
1133 2368 1203 2425 tum
1237 2359 1406 2426 sedentem
1438 2361 1625 2446 episcopum
1653 2359 1846 2445 Gregorium
1867 2361 1902 2426 II

245 2463 461 2548 (715-731);
484 2464 598 2530 habuit
620 2464 772 2530 videlicet
795 2485 911 2551 corpus
933 2469 1078 2556 nostrum
1107 2485 1179 2529 cum
1204 2465 1346 2528 auctario
1371 2465 1518 2550 episcopi
1540 2465 1643 2530 unius.
1688 2463 1782 2528 Haec
1804 2465 1902 2550 igitur

136 2561 138 2566 ⁴
245 2567 467 2633 additamenta
489 2569 584 2634 crisin
607 2569 774 2655 requirunt
797 2589 968 2654 acorpore
992 2569 1172 2654 antiquiore
1196 2567 1359 2633 diversam
1376 2574 1409 2632 et
1425 2568 1490 2632 suis
1503 2567 1633 2652 legibus
1654 2573 1787 2650 rectam,
1812 2588 1900 2632 eam-

246 2692 308 2757 que
333 2671 374 2736 ob
398 2693 528 2738 causam
551 2695 624 2738 cum
656 2673 765 2760 aliquo
788 2674 859 2739 loco
893 2673 971 2738 mihi
993 2672 1232 2738 subsistendum
1265 2677 1353 2737 esset
1379 2673 1612 2759 posterioribus
1638 2673 1768 2759 imperi,
1799 2673 1902 2759 selegi

245 2796 329 2858 eum,
352 2776 385 2840 in
408 2796 471 2863 quo
493 2777 564 2842 finit
585 2777 668 2843 liber
689 2778 858 2862 primarius
880 2776 1046 2843 Lucensis.

348 2879 441 2946 Haec
458 2901 540 2967 quae
559 2883 724 2968 posuimus
746 2887 782 2946 ut
805 2902 888 2968 quae
912 2887 986 2968 post
1002 2881 1169 2947 Oonouem
1192 2886 1372 2967 sequuntur
1392 2879 1558 2946 declarent
1580 2879 1805 2945 additamenta
1828 2901 1900 2946 esse

246 2983 285 3049 ad
311 2983 487 3050 editionem
504 2986 642 3051 vitarum
666 2986 842 3052 secundam
865 2984 1001 3050 subinde
1025 2984 1162 3066 adiecta,
1188 2985 1233 3048 ite
1256 3005 1461 3072 nequequam
1484 2983 1560 3049 inde
1585 2984 1740 3070 probetur
1754 2985 1837 3050 ritas
1858 2984 1899 3049 ad

245 3087 411 3154 Cononem
442 3110 544 3175 usque
573 3111 685 3155 omnes
717 3089 859 3156 adfuisse
888 3092 921 3155 in
952 3089 1114 3155 secundae
1142 3090 1337 3155 recensionis
1364 3089 1554 3175 archetypo.
1599 3088 1823 3175 Archetypum
1855 3089 1898 3173 id,

244 3214 264 3255 a
286 3214 349 3279 quo
380 3192 525 3278 pendent
562 3194 635 3259 libri
665 3194 814 3260 editionis
843 3193 1004 3259 secundae
1028 3214 1108 3280 quos
1130 3193 1288 3258 habemus
1319 3213 1448 3275 omnes,
1468 3193 1550 3257 nihil
1571 3192 1707 3279 impedit
1730 3192 1899 3278 quominus

243 3298 309 3362 iam
332 3299 509 3364 auctarium
541 3300 724 3364 auctariave
757 3298 929 3363 adsciverit
955 3297 1083 3363 adiecta
1111 3297 1154 3362 ad
1181 3297 1403 3362 recensionem
1433 3295 1608 3362 secundem
1640 3297 1836 3380 absolutam,
1867 3301 1901 3360 et

245 3406 318 3464 sunt
350 3422 433 3487 quae
464 3401 630 3468 suadeant.
681 3402 800 3468 Glassis
830 3404 946 3468 tertiae
976 3403 1119 3488 graviter
1151 3403 1368 3488 iuterpolatae
1404 3402 1614 3488 archetypum
1646 3402 1673 3466 si
1707 3401 1829 3484 extitit,
1863 3407 1899 3466 ut

243 3505 424 3571 videbimus
454 3507 613 3588 extitisse,
636 3528 721 3572 saec.
741 3507 806 3572 VH
834 3513 977 3572 exeunte
1000 3508 1053 3572 vel
1079 3507 1253 3593 incipiente
1273 3505 1376 3590 VIII,
1411 3511 1486 3570 ante
1519 3504 1554 3569 id
1580 3511 1708 3591 tempus
1736 3504 1899 3580 reicienda

244 3617 294 3674 est
322 3611 485 3697 separatio
514 3611 664 3676 classium
688 3610 823 3677 duarum
851 3612 975 3699 primae
1005 3617 1040 3677 et
1068 3610 1249 3694 secundae,
1281 3631 1356 3676 nam
1379 3631 1399 3674 a
1421 3609 1563 3676 secunda
1585 3609 1709 3696 pendet
1731 3610 1841 3685 tertia;
1866 3615 1899 3674 et

242 3713 324 3778 haec
348 3714 503 3779 librorum
525 3715 673 3798 affinitas,
696 3722 733 3780 ut
754 3736 819 3780 non
841 3716 1024 3780 necessario
1043 3715 1186 3801 requirit,
1211 3714 1257 3778 ita
1280 3719 1367 3780 certe
1391 3713 1597 3780 commendat
1617 3715 1745 3798 longius
1768 3713 1898 3800 aliquod

243 3818 447 3883 intervallum
470 3819 555 3883 inter
577 3819 746 3906 archetypi
769 3819 946 3885 communis
969 3820 1236 3906 perscriptionem
1260 3824 1294 3882 et
1315 3818 1584 3905 perscriptionem
1608 3818 1775 3903 archetypi
1797 3819 1896 3882 inter-

243 3923 435 4010 polatorum.
480 3922 627 4005 Accedit,
650 3924 683 3989 id
707 3924 793 4011 quod
816 3925 913 4011 longe
938 3925 1067 4010 gravius
1091 3929 1151 4004 est,
1175 3922 1321 3988 condicio
1344 3924 1481 3987 vitarum
1505 3943 1526 3986 a
1546 3920 1704 4008 Gregorio
1727 3922 1831 4007 primo
1856 3920 1897 3985 ed

244 4023 420 4091 Cononem.
465 4025 516 4092 De
540 4027 578 4091 iis
602 4049 685 4115 quae
708 4027 914 4094 Duchesnius
941 4029 1061 4116 passim
1086 4026 1136 4115 (ut
1159 4027 1199 4092 de
1222 4027 1361 4092 Martino
1385 4027 1402 4092 I
1424 4025 1518 4093 vol.I
1539 4047 1572 4112 p.
1589 4024 1667 4112 340)
1691 4027 1842 4111 exposuit
1865 4032 1898 4090 et

242 4151 345 4216 nuper
366 4131 462 4196 Felix
485 4130 646 4218 Georgius
668 4131 850 4198 Rosenfeld
873 4133 961 4217 (tiber
982 4133 1033 4196 die
1058 4131 1270 4213 Compositiou
1299 4130 1352 4196 des
1374 4129 1451 4196 leber
1465 4129 1666 4212 pontificalis
1688 4129 1735 4194 bis
1755 4150 1797 4194 su
1816 4129 1895 4194 Coa-

241 4235 366 4298 stuatia
393 4234 560 4320 Morburgi
586 4235 682 4322 1896)
717 4258 747 4323 p.
765 4239 883 4323 38seq.
915 4235 1137 4322 amplificavit,
1176 4236 1237 4300 etsi
1269 4255 1334 4299 nou
1370 4235 1477 4300 omnia
1511 4234 1675 4320 probarim
1709 4253 1769 4299 nec
1801 4235 1896 4298 facile

243 4343 457 4423 segregantur
484 4338 686 4404 diversitates
718 4339 874 4405 oriundae
904 4361 947 4404 ex
976 4345 1142 4405 auctorum
1177 4339 1394 4404 adhibitorum
1428 4338 1614 4404 diversitate
1650 4358 1774 4424 eaeque
1812 4359 1895 4425 quae

242 4440 380 4506 redeunt
395 4442 437 4506 ed
453 4441 675 4508 diversitatem
691 4445 834 4529 ipsorum
851 4445 1051 4531 scriptorum,
1074 4443 1136 4508 hoc
1152 4443 1231 4508 mihi
1247 4463 1375 4529 quoque
1394 4441 1568 4507 admodum
1583 4442 1753 4528 probabile
1769 4443 1897 4508 videtur

242 4546 371 4632 septimi
394 4547 515 4611 saeculi
538 4547 621 4612 vitas
643 4549 803 4633 proficisci
826 4569 845 4612 e
869 4547 1076 4634 scriptoribus
1098 4547 1244 4632 pluribus
1266 4568 1326 4633 per
1348 4547 1436 4612 vices
1460 4546 1717 4611 succedentibus.

347 4647 495 4715 Certiora
511 4650 647 4716 fortasse
661 4659 852 4738 argumenta
867 4653 907 4718 ad
925 4653 1148 4738 quaestionem
1164 4650 1380 4716 decidendam
1395 4650 1617 4738 suppeditabit
1628 4656 1795 4716 auctorum
1809 4671 1895 4715 com-

242 4754 378 4842 paratio,
402 4760 469 4819 tam
486 4774 597 4819 eorum
614 4757 668 4843 qui
684 4777 799 4843 corpus
821 4757 882 4822 hoc
905 4759 937 4822 in
959 4777 1053 4821 usum
1076 4777 1168 4821 suum
1191 4763 1247 4820 aut
1268 4761 1497 4822 converterunt
1519 4761 1574 4820 aut
1589 4776 1654 4820 non
1669 4753 1895 4837 adhibuerunt,

243 4879 315 4923 cum
339 4860 365 4922 si
387 4858 590 4940 habuissent,
614 4866 703 4925 certo
727 4860 964 4944 adhibuissent,
989 4881 1085 4947 quam
1108 4859 1325 4926 adhibitorum
1349 4881 1369 4924 a
1391 4860 1534 4947 corporis
1557 4859 1791 4941 conditoribus,
1815 4881 1894 4946 qua-

243 4968 336 5026 tenus
359 4963 393 5027 hi
415 4963 537 5028 faciunt
551 4963 593 5026 ad
608 4965 725 5029 aetatis
749 4966 971 5051 quaestionem
988 4963 1209 5029 dirimendam.
1246 4963 1340 5031 Haec
1363 4969 1554 5050 argumente
1570 4966 1669 5030 etiem
1692 4963 1732 5028 ad
1755 4965 1895 5050 priorem

242 5065 418 5162 editionem
442 5069 645 5154 perveniunt.

345 5171 523 5257 Gregorius
539 5171 736 5236 Turonensis
759 5169 867 5258 (natus
884 5194 910 5238 c.
927 5194 956 5238 a.
978 5175 1039 5238 538
1064 5171 1144 5237 obiit
1166 5193 1195 5236 a.
1213 5176 1288 5253 594)
1313 5193 1508 5259 quamquam
1532 5175 1759 5238 commercium
1782 5172 1895 5238 hebuit

242 5296 314 5340 curu
337 5275 474 5362 Pelagio
498 5275 514 5340 I
538 5281 571 5341 et
594 5275 752 5361 Gregorio
775 5276 792 5341 Ι
816 5278 975 5363 episcopis
997 5275 1153 5341 Romanis
1177 5282 1210 5340 et
1233 5297 1316 5363 quae
1340 5277 1382 5341 de
1405 5277 1443 5341 iis
1465 5278 1661 5364 permissos
1684 5276 1895 5363 comperisset

243 5379 369 5465 scriptis
391 5380 456 5445 suis
479 5381 613 5445 inseruit
630 5379 716 5463 (hist.
731 5380 845 5445 Freno.
867 5383 914 5464 10,
931 5387 965 5455 4;
989 5381 1029 5446 cf.
1047 5381 1080 5445 in
1100 5381 1183 5465 glor.
1206 5387 1299 5446 mart.
1323 5403 1349 5446 c.
1367 5383 1431 5464 82),
1454 5402 1561 5468 neque
1583 5383 1616 5446 in
1638 5381 1772 5446 historia
1791 5381 1894 5448 Fran·
1950 5421 1953 5426 ·

242 5505 351 5548 corum
384 5505 491 5570 neque
520 5487 552 5550 in
581 5484 713 5570 reliquis
741 5485 980 5549 commentariis
1009 5486 1179 5571 quicquam
1207 5486 1331 5550 rettulit
1362 5507 1403 5550 ex
1431 5486 1512 5550 libro
1543 5486 1729 5572 episcopali.
1774 5485 1894 5552 Gontra

243 5587 373 5673 quidem
396 5579 478 5652 dixit
502 5588 703 5654 Duchesnius
727 5590 802 5669 (vol.
821 5588 837 5652 I
859 5611 890 5675 p.
905 5587 970 5652 LII
982 5587 1066 5674 seq.)
1089 5589 1289 5655 contendens
1319 5591 1509 5656 laterculum
1542 5591 1766 5677 episcoporum
1790 5590 1893 5656 Turo-

152 5735 156 5744 ·
241 5691 389 5759 sensium
415 5691 548 5761 historia
575 5692 633 5763 illa
659 5692 927 5788 comprehensum
956 5695 1021 5781 (lt),
1037 5693 1092 5782 31)
1116 5694 1289 5760 formatum
1318 5715 1389 5760 esse
1417 5694 1460 5758 ad
1490 5696 1677 5782 exemplum
1701 5695 1894 5781 episcopalis
