4544 6428
1134 401 1352 460 EPITOIIAE

702 571 926 630 FELICIANA

401 5186 526 5253 Eodem
561 5197 709 5278 tempore
744 5192 821 5256 tecit
855 5191 1085 5257 Constantinus
1119 5191 1203 5278 Aug.

401 5291 535 5357 basilica
557 5295 589 5358 in
604 5295 725 5382 palatio
742 5294 943 5378 Sossorinno,
966 5297 1022 5361 ubi
1041 5298 1139 5362 etiarn
1162 5298 1203 5362 de

401 5396 488 5481 ligno
512 5403 641 5462 sanctae
666 5400 767 5464 crucis

400 5532 521 5598 domini
543 5535 643 5601 nostri
665 5537 742 5602 Iesu
765 5535 884 5603 Christi

400 5689 478 5735 curo
501 5679 535 5736 ct
558 5675 683 5758 gemnis
705 5675 869 5740 conclusit.

1552 575 1784 633 CONCNIANA

1267 699 1380 744 aurum
1416 680 1515 746 libras
1547 679 1728 764 LXXXII,
1765 685 1949 768 argentum
1986 678 2102 744 libras

1267 771 1530 866 IIIDCCCXIII,
1553 785 1816 852 timiamaterium
1840 804 1990 850 aureum
2017 804 2100 848 cum

1266 889 1404 974 gemmis
1441 889 1578 976 prasinis
1610 887 1771 972 XLVIII,
1807 888 2006 955 balsamum
2052 885 2099 952 ad

1266 993 1376 1058 lumen
1398 992 1513 1058 (liebus
1534 993 1676 1080 paschae
1700 993 1800 1058 libras
1816 991 1889 1068 CC;
1917 991 2100 1058 territoria

1265 1095 1299 1160 in
1320 1097 1531 1162 luminaribus
1553 1095 1722 1183 adipsum
1746 1096 1879 1179 iontem,
1905 1100 2098 1182 prestante

1266 1199 1358 1264 annis
1390 1201 1524 1288 singulis
1557 1199 1678 1266 solidos
1699 1187 1912 1266 Viiomn
1973 1199 2097 1264 Huius

1267 1303 1468 1390 temporibus
1510 1303 1587 1370 fecit
1630 1302 1798 1391 Augustus
1843 1300 2096 1368 Constantium

1267 1427 1310 1472 cx
1332 1414 1449 1493 rogatu
1471 1405 1619 1472 Silvestri
1647 1407 1813 1474 basilicam
1836 1407 1939 1474 beato
1963 1407 2093 1490 Petro,

1267 1509 1356 1578 cuius
1393 1512 1535 1577 loculum
1579 1531 1652 1578 eum
1689 1532 1806 1600 corpus
1841 1511 1949 1576 sancti
1987 1511 2094 1576 Pctri

1266 1619 1312 1682 ite
1347 1615 1509 1682 recondit:
1545 1635 1587 1680 cx
1627 1615 1770 1703 undique
1799 1615 1846 1680 'de
1879 1635 1962 1680 acre
2002 1637 2092 1680 con-

1266 1721 1361 1786 clusit
1383 1741 1426 1786 ex
1449 1719 1537 1784 omni
1565 1725 1659 1805 parte
1689 1719 1792 1806 pedes
1820 1718 1852 1784 V
1882 1726 1918 1784 ct
1947 1721 2093 1784 ornavit

1266 1824 1414 1912 superius
1442 1844 1485 1888 ex
1514 1823 1671 1888 columnis
1705 1823 1900 1909 purturiticis
1931 1829 1968 1890 ct
1997 1826 2092 1890 elias

1266 1927 1413 2010 ritcrias,
1437 1946 1517 2012 quas
1548 1925 1589 1992 ‹lc
1618 1925 1738 1992 Grecis
1764 1925 1927 2014 perduxit
1981 1927 2093 1994 Fecit

1267 2035 1376 2096 autem
1413 2035 1448 2094 et
1480 2049 1645 2094 cameram
1677 2029 1811 2097 basilice
1845 2037 2001 2096 extrema
2041 2054 2091 2098 ex

1266 2135 1337 2200 auri
1360 2133 1505 2221 fulgente
1536 2139 1570 2198 et
1597 2155 1696 2222 super
1717 2155 1849 2222 corpus,
1872 2155 1973 2222 supra
1997 2156 2089 2202 aere

1267 2235 1353 2326 quod
1376 2237 1484 2320 elusit,
1507 2237 1584 2304 lecit
1609 2257 1737 2303 crucem
1760 2259 1805 2304 cx
1827 2259 1905 2304 auro
1929 2260 2088 2325 pensau-

1267 2347 1333 2406 tem
1357 2341 1456 2406 libras
1472 2339 1539 2425 CL,
1562 2343 1595 2406 iu
1610 2363 1764 2408 mensura
1778 2342 1878 2425 locus,
1894 2342 1953 2408 ubi
1970 2346 2087 2432 scrip-

1265 2451 1334 2510 tum
1359 2450 1422 2510 cst:
1448 2445 1678 2511 Constantinus
1692 2445 1860 2533 Augustus
1883 2451 1917 2511 et
1940 2445 2088 2514 Helena

1264 2546 1415 2635 Augusta
1442 2547 1525 2616 hanc
1555 2547 1687 2616 domum
1718 2551 1864 2638 regalem
1887 2550 1985 2616 simili
2012 2552 2086 2618 ful-

1266 2670 1346 2737 gore
1380 2670 1551 2717 coruscans
1583 2653 1672 2737 aula,
1706 2654 1858 2740 scriptum
1888 2673 1931 2718 ex
1955 2655 2085 2722 fitteris

1265 2755 1353 2842 puris
1375 2755 1504 2842 nigellis
1525 2757 1559 2821 in
1581 2778 1675 2824 cruce
1698 2757 1778 2842 ipsa.
1829 2755 1924 2822 Fecit
1947 2759 2081 2824 cande-

1264 2859 1356 2924 labra
1369 2857 1437 2924 VII
1460 2880 1504 2925 ex
1520 2861 1680 2927 auricalco
1696 2865 1833 2946 argento
1849 2861 1965 2944 clusas,
1983 2883 2080 2948 quae

1264 2969 1403 3051 pensant
1425 2964 1551 3050 singula
1572 2964 1672 3030 libras
1694 2961 1788 3030 CCC.
1837 2964 1922 3029 Item
1955 2965 1988 3030 in
2014 2966 2082 3032 do·

1264 3089 1357 3151 num,
1381 3063 1468 3153 quod
1496 3066 1613 3132 obtulit
1640 3066 1871 3133 Constantinus
1900 3068 2081 3154 Augustus

1264 3171 1363 3236 beato
1393 3170 1492 3236 Petro
1525 3192 1585 3259 per
1618 3169 1778 3238 diocisseu
1805 3170 1963 3255 Orientis,
1992 3195 2079 3260 prc-

1265 3279 1389 3339 stentss
1431 3293 1491 3360 per
1535 3295 1637 3340 anuos
1678 3275 1820 3362 singulos
1857 3272 1980 3340 solidos
2018 3265 2080 3343 ΪΠ

1264 3377 1586 3445 DCCLXXXVIIII
1613 3377 1786 3462 triental,
1821 3378 2002 3444 balsamum
2032 3383 2078 3448 li-

1264 3484 1341 3549 bras
1363 3480 1494 3560 CCXV,
1519 3481 1583 3547 olei
1605 3482 1698 3546 nardi
1719 3482 1818 3547 libras
1841 3481 1969 3566 DCCC,
1994 3483 2077 3550 olco

1264 3586 1385 3675 ciprino
1401 3587 1502 3652 libras
1518 3584 1555 3670 C,
1578 3592 1726 3651 aromata
1740 3584 1840 3651 libras
1855 3584 1956 3668 DCL,
1972 3587 2076 3674 piper

1263 3689 1445 3757 medimnus
1466 3688 1513 3772 L,
1548 3690 1737 3755 cariofolum
1771 3690 1869 3756 libros
1891 3689 1935 3772 L,
1971 3711 2074 3757 croco

1262 3794 1361 3860 libros
1385 3793 1423 3878 C,
1459 3795 1559 3859 licum
1597 3793 1692 3881 fugos
1706 3791 1758 3877 Ὀ,
1797 3799 1887 3858 carta
1923 3791 2073 3861 decadas

1265 3897 1354 3963 mille
1376 3895 1489 3981 XXII,
1511 3898 1626 3984 papiro
1648 3917 1783 3962 racanas
1805 3895 1849 3962 ll.
1899 3896 1948 3962 Eo
1982 3905 2073 3965 tcm-

1262 4021 1341 4089 porc
1386 4000 1464 4066 tecit
1506 4000 1735 4066 ConstautInus
1785 4001 1919 4066 basilica
1963 4001 2071 4068 beato

1262 4106 1377 4188 Paulo,
1412 4105 1500 4170 cuins
1528 4125 1644 4191 corpus
1673 4105 1720 4170 its
1751 4103 1898 4170 recondit
1925 4106 2009 4171 sieut
2032 4116 2072 4173 et

1260 4210 1350 4275 beati
1372 4208 1476 4290 Petri,
1504 4208 1555 4272 cui
1583 4207 1736 4274 basilicae
1765 4207 1885 4274 donum
1911 4208 1974 4274 hoe
2004 4211 2069 4276 ob-

1259 4313 1350 4378 tulit:
1385 4311 1493 4376 omnia
1520 4331 1599 4375 vasa
1632 4331 1732 4376 aurea
1759 4312 1813 4376 vel
1840 4319 1999 4399 argentea
2029 4322 2069 4380 et

1259 4437 1358 4482 acres
1384 4421 1419 4480 et
1446 4435 1572 4481 crucem
1600 4435 1733 4480 amcam
1757 4436 1854 4502 super
1881 4417 1989 4482 locum
2019 4416 2070 4482 ita

1259 4520 1376 4606 posuit,
1394 4519 1477 4584 sieut
1495 4519 1528 4584 in
1543 4518 1678 4584 basilica
1692 4517 1782 4584 beati
1796 4519 1897 4586 Petri.
1942 4520 2069 4587 Predia

1259 4645 1336 4690 vcro
1358 4622 1578 4711 prestantibus
1601 4643 1702 4688 annos
1725 4623 1868 4709 singulos
1885 4612 2065 4710 iffinxx,

1259 4729 1439 4794 balsamum
1460 4728 1559 4794 libras
1581 4726 1620 4809 L,
1652 4727 1724 4792 olco
1747 4727 1849 4792 nardo
1873 4726 1971 4792 libras
1994 4727 2065 4812 CC,

1259 4838 1405 4896 aromata
1427 4832 1527 4898 libras
1542 4829 1675 4913 CLXX,
1700 4831 1787 4896 casia
1809 4831 1908 4896 libras
1930 4831 1968 4914 L,
1992 4839 2064 4898 sto-

1258 4956 1333 5001 race
1355 4935 1454 5001 libras
1470 4934 1580 5018 XXX,
1603 4939 1729 4999 stacten
1750 4933 1849 4999 libras
1865 4933 1930 5017 CL,
1946 4935 2064 5021 papiro

1257 5059 1392 5104 racanas
1406 5037 1447 5121 D,
1470 5039 1536 5103 lino
1560 5057 1652 5102 saeos
1669 5035 1763 5104 CCC.

1300 5193 1349 5258 no
1365 5200 1513 5279 tempore
1529 5193 1607 5258 lecit
1619 5193 1734 5259 beatus
1748 5193 1975 5258 Constantinus
1987 5195 2060 5259 Au-

1257 5303 1369 5383 gustus
1391 5297 1557 5362 basilicam
1579 5298 1613 5361 in
1635 5297 1761 5384 palacio
1778 5295 1979 5380 Sessoriano,
2002 5298 2062 5364 ubi

1257 5400 1298 5466 de
1321 5401 1408 5487 lIgno
1432 5407 1564 5466 sanctae
1588 5400 1690 5466 crucis

1256 5695 1298 5740 ex
1321 5698 1399 5741 auro
1423 5683 1457 5742 et
1477 5680 1614 5763 gemmis
1638 5679 1802 5744 conclusit.
