4538 6420
889 405 1140 463 Psonsaounn
1145 409 1175 462 A.
1757 411 1860 466 LXVII

205 580 330 646 Auctor
357 579 579 667 martyrologii
607 601 677 644 cum
707 578 874 644 Urbanum
903 581 1023 645 scribat
1053 582 1215 667 sepultum
1244 582 1392 646 assecta
1415 582 1617 674 Nmaerttaao
1639 583 1676 650 ia
1701 587 1861 668 cymiterio

205 685 414 762 Praetextati,
438 685 574 760 errarit3
595 683 629 748 id
652 683 737 748 enim
755 686 988 749 coemeterium
1004 686 1099 750 situm
1117 692 1166 750 est
1182 684 1224 750 ad
1239 684 1393 772 Appiam.
1441 687 1567 752 Erroris
1583 690 1741 774 originem
1765 711 1859 776 saga·

206 791 287 854 citer
311 789 514 853 Duchesnius
536 787 611 852 inde
636 787 820 874 explicavit,
844 787 930 872 quod
952 789 1097 854 tabulam
1121 790 1335 876 sepulcralem
1359 797 1434 855 ante
1457 793 1569 856 oculos
1583 792 1706 874 habuit,
1731 796 1861 879 qualem

205 915 264 959 nos
287 915 384 980 supra
407 914 479 957 earn
503 891 651 956 dedimus
664 893 698 973 ¹),
713 892 814 955 verba
836 893 889 954 aa
904 893 1106 956 Nomentana
1128 894 1169 958 ad
1192 894 1295 958 solum
1316 895 1542 960 Alexandrum
1565 897 1761 982 pertinentia
1782 899 1861 962 item

206 998 338 1062 trahens
361 996 402 1061 ad
426 1018 499 1061 eum
523 997 577 1081 qui
601 996 745 1080 sequitur
760 995 936 1059 Urbanum.
982 995 1154 1082 Colligitur
1165 997 1241 1062 inde
1258 998 1404 1063 tabulam
1420 1000 1659 1085 sepulturarum
1676 1003 1860 1086 antiquissi-

206 1124 291 1167 mam
309 1122 391 1184 esse,
415 1107 528 1186 utpote
545 1098 725 1164 adhibitam
748 1100 790 1164 ab
814 1107 946 1164 auctore
971 1102 1194 1186 martyrologii
1216 1102 1271 1184 ita,
1295 1109 1330 1166 ut
1352 1124 1411 1167 nos
1434 1101 1468 1166 id
1490 1101 1659 1186 habemus,
1684 1105 1858 1190 compilato

208 1228 236 1270 a.
253 1210 358 1284 62718.
404 1206 518 1291 Itaque
542 1225 605 1268 non
628 1204 760 1268 tabulae
784 1209 896 1268 auctor
917 1204 1150 1288 Pontificalem,
1175 1205 1243 1287 sed,
1266 1213 1303 1270 nt
1325 1227 1422 1293 snpra
1437 1205 1483 1293 (p.
1499 1206 1564 1292 XI)
1582 1206 1732 1297 diximus,
1749 1209 1860 1272 Ponti-

206 1310 306 1376 ficalis
329 1309 473 1374 tabulam
497 1329 634 1395 eamque
657 1309 690 1372 in
712 1306 846 1372 Urbano
869 1308 998 1394 plenam
1023 1310 1188 1396 expilavit.

763 1565 807 1630 II.
830 1565 933 1630 DIES
956 1565 1308 1633 DEPOSITIONVM.

415 1704 441 1770 1.
464 1704 596 1769 Petrus:
619 1702 672 1767 III
694 1703 727 1768 k.
751 1704 812 1770 Iul.

400 1810 443 1874 II.
467 1809 581 1874 Linus:
606 1807 707 1874 VIIII
730 1807 911 1894 (uiiiFB1)
934 1808 967 1874 k.
991 1807 1064 1873 Oct.

382 1913 444 1978 III.
468 1913 595 1979 Oletus:
619 1912 667 1976 VI
691 1911 822 1997 (siim)
846 1912 877 1978 k.
903 1913 978 1978 Mai.

384 2018 442 2083 IV.
468 2016 634 2082 Clemens:
656 2015 741 2082 VIII
765 2015 945 2103 (ciiiiFK)
969 2018 1001 2083 k.
1026 2017 1107 2082 Dec.

400 2123 441 2189 V.
464 2121 679 2186 Anonoletus:
704 2120 756 2184 III
778 2119 821 2186 id.
845 2120 905 2185 Iul.

384 2225 443 2292 VI.
467 2226 650 2291 Euaristus:
673 2224 723 2290 VI
745 2225 777 2290 k.
801 2223 884 2289 Nor.

367 2330 442 2394 VII.
468 2327 674 2394 Alexander:
698 2327 730 2393 V
753 2348 826 2392 non.
850 2327 927 2394 Mai.

350 2434 442 2499 VIII.
467 2433 588 2520 Xystus
609 2433 639 2497 I:
664 2431 715 2496 III
737 2453 811 2497 non.
835 2433 884 2517 (ui
906 2453 979 2496 non.
997 2431 1038 2514 F,
1062 2433 1118 2495 ulii
1140 2431 1183 2496 id.
1200 2432 1240 2496 K
1245 2435 1265 2514 ¹,
1288 2435 1333 2498 nii
1355 2432 1398 2499 id.
1415 2433 1486 2520 K2)
1502 2433 1580 2519 Apr.

386 2538 444 2602 IX.
471 2537 670 2624 Telesphor:
694 2535 763 2600 IIII
784 2557 859 2602 non.
884 2537 952 2603 Ian.

402 2643 444 2708 Χ.
468 2641 634 2729 Hyginus:
658 2639 709 2704 III
731 2638 775 2704 id.
799 2639 867 2704 Ian.

384 2747 444 2812 XI.
468 2746 560 2810 Pius:
585 2743 615 2808 V
639 2743 683 2810 id.
705 2743 766 2809 Iul.

366 2851 442 2916 XII.
466 2850 639 2916 Anicetus:
663 2847 730 2912 XII
752 2848 785 2912 k.
809 2846 885 2913 Mai.

350 2955 443 3020 XIII.
468 2955 578 3020 Soter:
602 2953 636 3018 X
657 2953 690 3018 k.
713 2952 789 3017 Mai.
814 2953 891 3034 (iun.
907 2951 981 3038 Αἱ).

352 3060 443 3126 XIV.
467 3058 639 3124 Eleuther:
664 3055 764 3121 VIIII
787 3055 857 3142 (uiii
872 3055 963 3138 ΡΜ,
986 3055 1030 3121 uii
1046 3055 1129 3120 Μ
1136 3054 1232 3140 ³313)
1256 3055 1288 3119 lr.
1312 3055 1384 3120 Iun.

235 3225 237 3230 ,
283 3219 285 3224 .
371 3163 445 3228 XV.
469 3162 598 3227 Victor:
622 3160 654 3224 V
675 3161 708 3229 k.
732 3159 817 3245 Aug.

353 3267 444 3332 XVI.
469 3266 688 3353 Zephyrinus:
714 3264 796 3329 VIII
818 3263 977 3349 (uiiBE)
1001 3263 1033 3328 k.
1060 3263 1150 3350 Sept.

337 3371 445 3436 XVII.
471 3368 621 3435 Callistus
644 3369 674 3433 I:
698 3366 779 3455 prid.
803 3367 846 3432 id.
871 3367 944 3433 Oct.
1555 3417 1556 3420 ,

318 3475 442 3541 XVIII.
466 3475 632 3540 Urbanus:
657 3471 758 3538 XIIII
779 3471 812 3537 k.
835 3471 904 3536 Iun.
930 3470 1000 3559 (uiii
1021 3470 1055 3535 k.
1078 3470 1147 3535 Iun.
1164 3469 1200 3534 E
1207 3470 1256 3548 Μ,
1279 3490 1339 3534 om.
1354 3468 1484 3552 B²·³·⁴).

303 3578 446 3644 XVIIII.
472 3577 664 3644 Pontianus:
688 3575 740 3642 111
760 3575 793 3640 k.
816 3575 899 3641 Nos.
923 3575 980 3658 (cf.
997 3575 1098 3652 udo).

370 3683 445 3749 XX.
468 3682 624 3748 Anteros:
648 3680 700 3745 III
721 3701 795 3745 non.
818 3680 887 3744 Ian.

353 3787 446 3853 XXI.
468 3773 647 3851 Fabianus:
672 3783 756 3848 XIII
779 3783 862 3867 (xiiii
878 3782 1006 3866 F¹·2B)
1030 3783 1061 3848 k.
1085 3781 1184 3849 Febr.

337 3891 445 3956 XXII.
472 3890 658 3956 Cornelius:
682 3887 799 3954 XVIII
821 3886 855 3954 k.
879 3886 951 3953 Oct.

319 3995 446 4061 XXIII.
469 3994 602 4060 Lucius:
626 3992 711 4059 VIII
732 3992 764 4056 k.
782 3990 872 4078 Sept.
896 3993 1006 4073 (iocata
1028 3990 1079 4055 III
1100 4009 1174 4054 non.
1192 3988 1301 4063 Mart.;
1325 3988 1367 4069 cs.
1383 3987 1480 4054 Rosci
1502 3988 1592 4054 Rom.
1617 3991 1686 4051 sctt.
1710 3988 1741 4066 2,
1758 3985 1825 4060 62).

222 4109 235 4116 ”
305 4099 449 4166 XXIIII.
472 4098 657 4185 Stephanus
678 4097 711 4161 I:
734 4095 802 4160 IIII
824 4116 899 4162 non.
913 4094 999 4181 Aug.

341 4203 447 4268 XXV.
468 4202 592 4290 Xystus
614 4201 662 4266 11:
686 4200 770 4265 VIII
791 4199 837 4267 id.
859 4198 945 4285 Aug.

324 4307 448 4372 XXVI.
471 4306 663 4392 Dionysius:
686 4303 736 4370 VI
758 4304 790 4368 lr.
814 4303 884 4371 Ian.

306 4410 449 4477 XXVII.
471 4409 568 4475 Felix
590 4410 623 4475 I:
646 4409 697 4475 III
719 4408 753 4472 lr.
775 4407 846 4474 Iun.

288 4515 447 4581 XXVIII.
470 4514 703 4601 Eutychianos:
729 4511 812 4577 VIII
827 4511 860 4576 k.
878 4512 963 4597 Aug.
987 4511 1096 4594 (tronto
1111 4510 1160 4576 VI
1175 4509 1218 4576 id.
1234 4508 1331 4582 Dec:
1355 4508 1399 4594 cf.
1416 4506 1512 4572 Bessi
1534 4505 1625 4570 Rom.
1648 4509 1718 4568 sott.
1734 4506 1765 4581 2,
1778 4505 1844 4584 71).

271 4619 447 4686 XXVIIII.
472 4618 589 4685 Gaius:
613 4617 647 4682 X
667 4617 701 4683 k.
723 4614 802 4682 Mai.

339 4724 447 4792 XXX.
471 4722 687 4788 Marcellinus:
711 4719 829 4787 XVIII
850 4719 883 4784 k.
906 4718 1004 4784 Febr.
1027 4717 1112 4800 (cide
1134 4737 1236 4798 supro
1251 4738 1288 4798 p.
1305 4715 1413 4792 LIV).

324 4827 449 4893 XXXI.
473 4825 661 4892 Marcellus:
685 4823 771 4908 (vide
792 4843 893 4904 supra
909 4843 945 4904 p.
961 4820 1074 4906 LIV).

306 4931 449 4998 XXXII.
472 4929 651 4996 Eusebius:
676 4926 761 5012 (vide
781 4945 883 5008 stipare
898 4948 934 5008 p.
950 4925 1061 5010 LIV).

290 5034 451 5103 XXXIII.
473 5033 652 5100 Miltiades:
675 5031 747 5097 1111
768 5029 812 5096 id.
834 5029 916 5096 Deo.

272 5139 450 5206 XXXIIII.
475 5139 647 5205 Silvester:
670 5134 752 5225 prid.
774 5133 808 5200 k.
832 5135 901 5199 Ian.

311 5242 450 5310 XXXV.
473 5242 615 5307 Marcus:
639 5239 721 5329 prid.
744 5258 819 5304 non.
843 5235 916 5305 Oet.

290 5347 448 5414 XXXVI.
472 5347 590 5412 Iulius:
614 5343 696 5432 prid.
719 5345 763 5411 id.
787 5341 866 5429 Apr.

322 5522 343 5589 1)
361 5522 500 5591 nxsmpur
516 5521 549 5573 sd
566 5517 778 5587 martyrologium
801 5515 947 5568 adhibitum
969 5532 1021 5567 non
1042 5514 1142 5580 hiabat,
1166 5519 1196 5565 ut
1217 5513 1304 5565 nescio
1327 5510 1453 5578 quomodo
1476 5509 1526 5562 sibi
1550 5505 1678 5575 persuasit
1700 5495 1875 5568 Dochmius,

214 5611 260 5664 sed
277 5627 292 5663 e
309 5610 437 5663 contrario
455 5615 542 5661 nostro
559 5607 662 5676 plenius
679 5611 743 5669 erat,
762 5621 779 5656 a
796 5620 847 5670 quo
865 5603 939 5655 abest
955 5601 1119 5668 cymiterium
1135 5600 1294 5653 Praetextati
1311 5613 1329 5650 a
1346 5596 1522 5664 martyrologii
1541 5600 1649 5646 anctore
1667 5609 1701 5644 ex
1719 5593 1815 5646 tabula
1831 5594 1876 5645 ad-

216 5704 355 5767 sumptum.
