4544 6428
919 453 1137 510 EPITOMAE
1792 458 1851 520 241

489 625 711 680 FELICIANA
1341 625 1571 681 CONONIANA

243 750 327 796 xxvi.
351 728 521 811 DroursrvS,
538 751 580 795 ex
596 732 764 815 monacho,
789 733 878 796 cuius
899 752 1000 817 gene·
1098 719 1183 800 xxvi.
1207 733 1376 812 Diorusrvs,
1401 753 1443 796 ex
1461 730 1631 812 monacho,
1648 731 1737 794 euius
1753 751 1855 816 gena·

200 835 326 900 rationo
349 834 515 920 repperire
537 855 601 898 non
624 836 796 921 potuimus,
820 834 905 900 sedit
928 857 1000 900 ann.
1054 839 1136 902 ratio
1177 837 1340 922 incognita
1377 835 1530 917 habetur,
1575 832 1658 898 sedit
1695 855 1746 898 an.
1771 832 1854 897 VIII

200 938 249 1002 VI
272 959 372 1002 mons.
403 937 438 1002 II
470 938 539 1003 dies
569 939 648 1003 IIII.
699 939 775 1004 Fuit
802 939 1001 1028 temporibus
1054 963 1154 1006 mens.
1190 941 1220 1004 V
1267 938 1336 1003 dies
1372 937 1450 1003 1111.
1529 937 1605 1002 Fuit
1656 936 1856 1023 temporibus

202 1039 356 1122 Gallioni,
395 1063 438 1106 ex
476 1040 527 1107 die
564 1041 615 1106 XI
652 1043 698 1108 kl.
729 1042 814 1129 Aug.
841 1043 1000 1108 Emiliano
1054 1045 1199 1127 Gabeni,
1245 1063 1288 1107 ex
1332 1041 1384 1106 die
1422 1041 1472 1106 XI
1510 1041 1542 1106 lr.
1572 1040 1658 1126 Aug.
1696 1041 1855 1105 Emiliano

208 1151 241 1210 ct
265 1144 368 1209 Basso
400 1146 582 1212 consolibus
601 1129 711 1232 'usque
738 1148 771 1212 in
799 1147 852 1212 dic
867 1145 934 1211 VII
955 1147 1000 1211 kl.
1055 1155 1088 1215 et
1142 1147 1244 1213 Basso
1302 1145 1483 1211 consolibus
1538 1165 1641 1231 usque
1694 1143 1761 1209 VII
1823 1144 1855 1208 lr.

136 1296 138 1300 -
201 1250 340 1330 Ianuar,
356 1270 377 1313 a
392 1251 560 1315 consolatu
575 1249 690 1315 Claudi
710 1257 743 1316 ct
762 1251 901 1316 Patami.
939 1251 1002 1314 Hic
1054 1255 1134 1334 Ian,
1165 1273 1185 1316 a
1211 1253 1377 1319 consolatu
1400 1248 1515 1314 Claudi
1545 1255 1578 1314 et
1600 1248 1742 1313 Paterni.
1792 1248 1857 1312 Hic

204 1352 392 1439 presbiteris
422 1355 575 1420 ecelesias
604 1353 694 1419 dedit
723 1360 758 1420 et
780 1357 946 1442 cymiteria
970 1360 1003 1420 ct
1056 1357 1243 1444 presbiteris
1267 1356 1421 1421 ecelesias
1444 1353 1558 1419 dividit
1588 1359 1622 1418 et
1644 1353 1800 1417 cimiteria
1824 1358 1858 1416 et

204 1455 389 1541 parrochias
426 1456 563 1522 diocesis
597 1459 769 1524 constituit.
829 1459 892 1524 Hie
926 1460 1003 1525 fecit
1055 1461 1226 1549 parochias
1249 1460 1387 1525 diocesis
1414 1458 1587 1524 constituit.
1637 1455 1700 1522 Ille
1723 1457 1800 1522 feeit

203 1574 421 1641 ordinationes

211 1697 380 1782 episcopos
396 1696 462 1762 VII
491 1719 550 1785 per
571 1701 653 1767 loca.
710 1700 863 1789 Sepultus
891 1709 941 1768 est
971 1704 1004 1768 in
1058 1703 1227 1790 episcopos
1250 1699 1325 1765 VH.
1385 1699 1602 1787 Sepultnsque
1633 1705 1683 1764 est
1711 1700 1743 1764 in
1767 1697 1857 1762 cimi-

204 1800 350 1864 cimitirio
374 1799 506 1886 Calesti,
1058 1809 1138 1872 teria
1162 1805 1275 1872 Calisti

203 1921 236 1984 in
258 1921 310 1985 via
331 1919 452 2009 Appia,

204 2040 253 2105 VI
268 2041 311 2106 kl.
327 2041 395 2106 Ian.
440 2043 484 2108 Et
506 2046 644 2110 cessavit
659 2047 865 2134 episcopatus
882 2047 1003 2114 diesV.
1058 2051 1142 2116 Vk.
1166 2048 1234 2113 Ian.
1279 2047 1427 2113 Cessavit
1451 2047 1658 2133 episcopatus
1681 2040 1750 2107 dies
1765 2040 1807 2104 V.

247 2218 343 2263 xxvu.
366 2198 474 2283 Fama,
497 2202 628 2266 natione
647 2202 824 2286 Romanus,
848 2225 890 2268 cx
912 2211 1003 2291 patre
1100 2226 1198 2271 xxvu.
1221 2205 1328 2287 Fama,
1351 2204 1482 2268 natione
1502 2203 1678 2282 Romanus,
1702 2221 1744 2264 ex
1767 2202 1858 2283 patre

205 2301 410 2384 Constantio,
437 2303 523 2369 sedit
549 2327 621 2371 ann.
643 2305 711 2370 ΠΙΙ
738 2329 839 2374 mens.
861 2309 912 2374 III
936 2309 1005 2374 dics
1058 2310 1261 2389 Constantio,
1303 2307 1387 2372 sedit
1428 2328 1479 2372 an.
1504 2305 1573 2370 IIII
1606 2303 1748 2368 mcnsl
1789 2299 1859 2364 dics

205 2405 312 2470 XXV.
378 2407 533 2495 Martyria
569 2417 749 2475 coronatur.
809 2411 884 2477 Fuit
921 2419 1004 2478 tem·
1057 2413 1164 2478 XXV.
1192 2412 1344 2498 Martyrio
1357 2416 1536 2476 coronatur.
1564 2409 1639 2472 Fuit
1651 2415 1760 2472 autem
1774 2411 1856 2469 tem-

205 2509 336 2596 poribus
360 2509 476 2576 Claudi
498 2519 531 2578 et
1057 2518 1189 2606 poribus
1213 2514 1329 2581 Claudi
1351 2521 1385 2580 ct

205 2629 375 2714 Auriliani‚
399 2652 419 2695 a
442 2634 607 2699 consolatu
629 2634 746 2701 Claudi
769 2643 803 2702 et

206 2753 339 2817 Paterni
373 2773 475 2841 usque
509 2754 552 2819 ad
585 2758 754 2823 consulatu
780 2759 939 2825 Auriliani
974 2767 1007 2826 ct
1060 2760 1191 2825 Paterni
1214 2779 1315 2845 usque
1338 2756 1381 2821 ad
1403 2756 1602 2821 consolatum
1626 2751 1795 2817 Aureliani
1810 2747 1862 2813 III

209 2855 391 2942 Capitulini.
447 2857 511 2922 Hic
542 2862 707 2926 constituit
732 2884 830 2948 super
859 2866 1008 2951 scpulcra
1063 2871 1096 2928 et
1120 2861 1368 2948 Concapitulini.
1413 2859 1477 2924 HIc
1504 2857 1668 2923 constituit
1690 2876 1787 2942 super
1810 2875 1862 2918 se-

209 2966 385 3045 martyrum
401 2962 499 3026 missa
513 2963 689 3030 celebrare.
734 2965 798 3032 Hie
822 2968 899 3033 lecit
922 2969 1007 3034 ordi·
1061 2971 1175 3056 pulcra
1209 2973 1385 3052 martyrum
1417 2963 1531 3028 missas
1565 2961 1744 3026 celebrare.
1800 2957 1863 3022 Hic
1957 2973 1960 2980 ’

211 3065 357 3129 flafi⁰n⁰⁸
379 3064 413 3128 ῙῙ
1063 3073 1140 3138 lecit
1163 3069 1381 3136 ordinationes
1404 3067 1449 3150 ΙΙ,

209 3205 270 3269 per
290 3206 390 3252 mens.
413 3185 581 3268 Deccmb.,

210 3305 316 3392 presb.
333 3306 450 3387 VIIII,
475 3307 555 3375 diac.
572 3309 639 3392 III,
663 3312 832 3399 epIscopcs
855 3335 915 3400 per
938 3317 1010 3380 loca
1063 3313 1170 3401 presb.
1186 3311 1287 3393 VIII,
1311 3310 1391 3375 diac.
1408 3309 1479 3391 III,
1503 3311 1673 3397 episcopos
1696 3307 1755 3372 XI.
1801 3307 1864 3382 Qui

211 3409 269 3474 XI.
316 3409 468 3498 Sepultus
491 3415 595 3479 estin
618 3415 764 3480 cimitirio
788 3419 1009 3500 suavioris·
1064 3423 1097 3482 et
1120 3418 1265 3502 sepultus
1295 3419 1345 3478 ost
1373 3413 1406 3478 in
1437 3413 1593 3479 cimiterio
1625 3433 1697 3494 suo,
1720 3414 1773 3477 ria
1794 3411 1863 3477 Au-

210 3513 291 3596 riba,
1063 3523 1144 3602 tilia,

149 3635 150 3638 ’
211 3635 346 3700 miliario
368 3637 414 3721 ΙΙ,

212 3754 260 3819 ΙΙΙ
277 3757 320 3821 kl.
337 3758 407 3824 Iun.
452 3759 496 3825 Elt
512 3765 650 3828 cessavit
665 3765 870 3851 episcopatus
886 3763 955 3830 dies
970 3763 1011 3830 V.
1064 3763 1117 3830 111
1138 3763 1171 3828 k.
1193 3761 1264 3828 Iun.
1310 3759 1458 3826 Cessavit
1480 3760 1686 3846 episcopatus
1709 3758 1779 3823 dies
1792 3758 1833 3824 V.

256 3949 364 3996 xxvru.
387 3931 598 4016 Evrrcmum,
632 3938 762 4002 natione
797 3938 935 4020 Tuscus,
970 3961 1013 4004 cx
1117 3955 1226 4001 xxvru.
1250 3933 1454 4015 Eumenous,
1486 3934 1615 3998 natione
1646 3931 1786 4014 Tuscus,
1824 3953 1866 3996 ex

213 4041 305 4120 patre
326 4034 462 4118 Marino,
1065 4047 1157 4126 patre
1181 4038 1316 4119 Marino,

1066 4162 1107 4227 dc
1133 4160 1263 4225 civitate
1286 4158 1389 4240 Luna,

214 4276 299 4341 sedit
320 4299 392 4343 ann.
415 4279 432 4342 I
455 4278 589 4345 mensl
613 4279 665 4346 die
688 4283 714 4349 I.
760 4284 836 4349 Fuit
859 4286 1011 4371 tempori·
1065 4281 1151 4349 sedit
1173 4280 1257 4348 an.I
1280 4278 1413 4344 monsl
1437 4279 1466 4343 d.
1483 4277 1525 4344 11.
1566 4279 1642 4343 Fuit
1657 4285 1766 4344 autem
1783 4285 1866 4342 tem-

213 4381 274 4445 bus
297 4381 464 4465 Auriliani,
488 4405 508 4448 a
531 4388 696 4452 consolatu
720 4387 888 4454 Auriliano
905 4389 957 4454 III
980 4396 1014 4454 et
1066 4387 1199 4474 poribus
1215 4385 1383 4464 Auriliani‚
1406 4404 1426 4446 a
1449 4384 1616 4447 consolatu
1632 4381 1798 4446 Auriliano
1815 4380 1868 4444 ΙΙΙ

214 4484 402 4551 Marcellino
440 4510 542 4574 usque
580 4491 612 4553 in
650 4492 736 4558 diem
774 4492 816 4558 id.
856 4493 1012 4558 Deccmb.
1067 4497 1101 4557 ot
1123 4489 1311 4555 Marcellino
1338 4508 1440 4572 usquc
1472 4487 1505 4549 in
1533 4484 1618 4550 diem
1641 4485 1685 4552 id.
1709 4485 1866 4548 Deccmb.

216 4587 300 4653 Caro
317 4588 350 4653 II
374 4597 407 4655 et
430 4591 547 4658 Carino
572 4597 763 4662 censalibus.
808 4595 873 4663 Hic
895 4599 1014 4664 eonsti-
1068 4594 1153 4660 Caro
1169 4593 1202 4657 II
1226 4598 1260 4656 et
1282 4591 1399 4656 Carino
1424 4590 1615 4656 censalibus.
1660 4588 1724 4654 Hie
1747 4587 1867 4652 consti·

216 4693 276 4756 tuit
298 4693 407 4779 fruges
430 4699 663 4783 superaltaria
1068 4700 1138 4780 tuit,
1161 4702 1196 4762 ut
1218 4696 1328 4781 fruges
1351 4715 1448 4780 super
1470 4696 1572 4760 altare

1067 4825 1192 4885 tantum
1216 4816 1292 4882 labe
1316 4822 1350 4882 ct
1371 4837 1433 4881 use

218 4932 376 5000 benedici.
421 4936 485 5001 Hic
501 4941 647 5024 perloea
663 4939 840 5006 CCCLXII
857 4949 1016 5030 martyres
1069 4939 1291 5006 benedicatur.
1337 4937 1401 5002 Hic
1424 4936 1623 5024 temporibus
1650 4936 1715 4999 suis
1738 4955 1797 5020 per
1820 4933 1868 4996 di-

217 5040 376 5125 sepelisit.
420 5039 484 5106 Hic
505 5043 584 5107 lecit
607 5043 871 5111 ordinationesV
1070 5065 1165 5110 versa
1195 5044 1266 5108 loca
1290 5039 1473 5106 CCCXLII
1501 5047 1659 5126 martyres
1687 5059 1783 5103 manu
1812 5059 1869 5101 sua

1072 5148 1230 5235 sepelivit.
1276 5145 1369 5211 Fecit
1391 5143 1657 5210 ordinationesV

216 5285 277 5350 per
297 5286 398 5332 mens.
421 5265 589 5351 Deccmb.,

217 5403 326 5488 presb.
342 5404 462 5486 XIIII,
490 5405 572 5473 diac.
589 5408 629 5490 V,
654 5409 823 5496 episcopos
856 5431 916 5496 per
946 5410 1019 5474 Ioea
1071 5409 1179 5497 presb.
1206 5404 1325 5487 XIIII,
1363 5401 1444 5469 diae.
1466 5400 1528 5483 VI,
1569 5401 1739 5487 episcopos
1759 5397 1871 5462 VIIII.

218 5506 331 5674 XIIII.
377 5510 439 5583 Qui
475 5519 509 5576 et
543 5513 688 5599 sepultus
723 5519 773 5578 cst
804 5514 837 5578 in
871 5513 1017 5580 cimitirio
1072 5513 1290 5600 sepultusque
1315 5514 1365 5574 est
1385 5510 1419 5574 in
1441 5505 1597 5573 cimiterio
1621 5502 1733 5569 Calisti

246 5612 350 5696 alesti,

217 5729 271 5796 ria
292 5729 411 5819 Appia,

322 5861 399 5900 arses
416 5864 589 5904 rourumums
607 5864 623 5902 1.
1631 5841 1665 5894 31
