4544 6428
407 443 470 506 248
1129 435 1349 490 ΕΡΠὈΜΔΕ

698 610 921 666 FELICIANA

405 715 550 798 Rustico,
573 715 659 780 sedit
681 737 753 782 aun.
771 716 835 782 XV
852 737 953 782 mens.
970 715 996 780 I.
1033 714 1110 780 Fuit
1125 719 1206 778 tem·

404 818 538 904 poribus
551 817 753 886 Constantini
769 827 803 886 et
814 819 970 888 Feliciani
986 825 1019 885 et
1030 817 1206 884 Maximini.

403 1265 468 1332 Hic
489 1265 567 1331 facit
590 1263 809 1331 ordinationes
832 1265 884 1330 Ill

403 1407 463 1472 per
485 1407 587 1452 mens.
610 1385 780 1470 Decemb.,

403 1507 510 1593 presb.
527 1505 655 1590 XVIII,
672 1506 753 1573 diac.
771 1507 849 1592 1111,
874 1510 1044 1596 episcopus
1061 1529 1118 1596 per
1134 1509 1206 1574 loca

403 1609 513 1677 VIIII.
559 1609 712 1697 Sepultus
736 1617 787 1677 est

403 1732 436 1796 in
458 1733 512 1798 via
533 1731 678 1814 Aurelia,

403 1852 437 1918 in
459 1852 616 1918 cimiterio
641 1851 799 1940 Calipodi‚

404 1973 540 2038 miliario
563 1973 627 2058 III,
650 1973 732 2060 prid.
756 1975 799 2041 id.
822 1973 903 2062 Apr.

404 2093 554 2160 Cessarit
576 2095 784 2183 episcopatus
808 2095 877 2162 dies
899 2095 1006 2163 XXV.

449 2303 569 2350 xxxvu.
593 2285 755 2369 Lrssruvs,
788 2287 918 2352 nodone
950 2288 1132 2372 Romanus,
1164 2313 1207 2356 ex

403 2393 495 2473 patre
531 2385 700 2474 Augusto,
739 2389 824 2455 sedit
857 2412 930 2456 ann.
946 2391 995 2456 VI
1031 2416 1132 2460 mens.
1154 2395 1207 2461 III

403 2489 473 2556 dios
495 2490 574 2556 1111.
620 2491 698 2558 Fuit
719 2493 919 2581 temporibus
943 2494 1112 2563 Constanti

402 2651 505 2715 usquc
528 2629 570 2694 ad
594 2629 783 2698 Constantio
805 2631 892 2720 Aug.
914 2633 974 2699 ΠΙ.

402 2767 466 2832 Hic
482 2770 580 2835 exilio
597 2768 788 2836 detrudetur
810 2773 1043 2854 seorstanum,
1062 2797 1101 2841 eo
1119 2776 1206 2862 quod

401 2872 505 2938 noluit
537 2874 653 2940 herese
689 2873 829 2940 Arriano
862 2877 1053 2944 consentire.
1112 2881 1206 2946 Fecit

402 2998 503 3042 anuos
525 2977 586 3046 III.

401 3097 446 3162 Et
473 3119 676 3185 congregans
699 3099 887 3166 sacerdotes
910 3123 945 3168 sc
969 3124 1042 3168 cum
1072 3106 1204 3171 consilio

403 3223 514 3268 eorum
541 3203 690 3268 Liberius
716 3204 946 3272 ordinaverunt
974 3207 1007 3272 in
1035 3208 1108 3272 loco
1136 3210 1205 3274 eius

402 3307 512 3372 Felice
542 3307 723 3392 presbitero
753 3309 955 3396 episcopum,
984 3313 1205 3378 venerabilem

401 3411 514 3476 virum.
558 3410 601 3475 Et
623 3411 702 3476 fecit
722 3413 891 3478 concilium
907 3413 1002 3480 Felix
1026 3422 1060 3480 et
1081 3417 1204 3484 invenit

402 3511 484 3578 duos
512 3513 710 3600 presbiteros
742 3518 980 3582 consentientes
1014 3517 1203 3589 Constantio

400 3615 550 3701 Augusto
574 3614 730 3700 Arriano,
759 3622 889 3686 nomino
913 3621 1048 3688 Ursacio
1079 3631 1114 3689 et
1135 3626 1202 3691 Va·

401 3722 500 3803 lente,
524 3726 558 3786 ct
581 3721 745 3787 damnavit
768 3745 825 3789 eos
847 3726 880 3790 in
902 3727 1037 3793 concilio
1057 3727 1204 3798 XLVIII

402 3825 638 3912 episcoporum.

402 3945 483 4011 Post
515 3967 637 4032 paucos
673 3946 743 4012 dies
777 3950 848 4014 zelo
881 3949 967 4017 ducti
990 3953 1142 4023 Ursaoius
1170 3965 1204 4024 et

405 4049 527 4114 Valens
561 4058 757 4136 rogaverunt
784 4052 1008 4122 Constantium
1037 4058 1137 4146 dog„
1168 4070 1204 4127 ut

402 4158 570 4218 revocaret
591 4153 723 4219 Liberio
746 4156 788 4221 do
811 4157 924 4241 exilio,
954 4167 991 4224 ut
1012 4183 1108 4227 unam
1132 4171 1202 4231 tan-

402 4263 471 4320 tum
509 4260 767 4325 communionem
804 4263 1028 4348 participaret,
1063 4275 1202 4355 excepto

403 4360 615 4445 rebaptizare.
661 4362 725 4437 Qui
746 4364 895 4431 Liberius
918 4371 1081 4435 consensit

404 4481 569 4567 preceptis
605 4479 746 4568 Augusti
783 4507 880 4550 unam
922 4489 1203 4575 participationem

403 4585 590 4650 conveniret
613 4589 855 4654 communionis.

402 4704 493 4770 Tunc
515 4714 749 4772 revocaverimt
772 4707 938 4776 Liberium
963 4712 1005 4777 de
1029 4713 1138 4780 exilio.

401 5355 527 5422 Fodem
551 5366 699 5447 tempore
724 5362 932 5430 Constantius
959 5389 1117 5434 unacum
1140 5371 1202 5436 Ur-

401 5462 488 5532 sacio
512 5468 545 5527 et
556 5464 697 5530 Valente
721 5481 982 5536 convocaverunt
997 5473 1133 5558 aliquos,
1150 5477 1204 5561 qui

401 5590 444 5633 ex
467 5570 538 5634 lece
561 5565 700 5634 Arriano
724 5576 827 5654 erant,

401 5715 435 5774 et
455 5709 543 5774 misit
566 5711 600 5771 et

1545 603 1776 661 CONONIANA

1262 712 1411 794 Rustico,
1447 712 1532 778 sedit
1553 733 1604 777 an.
1620 710 1684 776 XV
1707 729 1812 774 mens.
1831 706 1871 771 II
1907 706 1990 772 dies
2017 705 2102 770 Vll.

1260 816 1337 882 Fuit
1359 823 1468 882 autom
1492 814 1691 902 temporibus
1714 811 1938 878 Constantini
1965 818 2006 878 et
2031 811 2102 876 Fe-

1259 920 1367 985 liciani
1390 925 1424 984 et
1447 919 1624 985 Maximini.

1258 1040 1322 1106 Hic
1345 1041 1519 1122 constituit,
1542 1045 1578 1104 ut
1599 1039 1704 1104 nullus
1725 1038 1866 1104 clericus
1885 1057 2041 1102 carneam
2068 1037 2103 1100 in

1258 1144 1422 1231 publicum
1445 1148 1568 1230 agaret.
2150 1145 2152 1148 ’

1260 1265 1323 1330 llic
1346 1264 1424 1330 fecit
1446 1263 1664 1330 ordinationes
1687 1261 1751 1343 111,

1259 1505 1367 1592 presb.
1384 1504 1514 1587 XVIII,
1549 1504 1631 1569 diac.
1648 1503 1731 1586 IIII,
1764 1503 1955 1590 episcopos
1972 1501 2099 1568 VIIII.

1259 1607 1475 1696 Sepultusque
1500 1615 1550 1674 est

1261 1851 1294 1916 in
1317 1850 1473 1916 cimiterio
1498 1849 1656 1936 Calipodi.

1260 2091 1407 2158 Cessarit
1430 2093 1640 2180 episcopatus
1662 2091 1732 2157 dios
1754 2087 1863 2156 XXV.

1301 2302 1420 2348 xxxvrr.
1445 2281 1606 2364 Lrssnrvs,
1641 2281 1771 2346 natione
1805 2279 2007 2360 Romanus,
2043 2299 2092 2342 ex

1258 2393 1352 2472 patro
1376 2385 1519 2470 ligusto,
1548 2383 1634 2450 sedit
1660 2406 1710 2450 an.
1725 2383 1774 2448 VI
1796 2403 1901 2448 mous.
1920 2381 1978 2446 III
2007 2381 2089 2446 dics

1259 2489 1351 2556 VIII.
1404 2488 1480 2554 Fuit
1511 2497 1620 2555 autern
1648 2487 1847 2575 temporibus
1870 2483 2087 2552 Constantii.

1258 2765 1322 2830 Hic
1340 2765 1438 2831 exilio
1458 2765 1632 2852 deputatur
1654 2763 1887 2844 aConstantio,
1911 2784 1956 2827 eo
1982 2763 2085 2849 quod

1261 2870 1418 2935 noluisset
1435 2869 1562 2933 haeresi
1578 2867 1736 2934 Arrianae
1753 2866 1948 2949 consentire,
1974 2868 2082 2932 secit-

1257 2994 1321 3060 que
1344 2972 1389 3038 ibi
1416 2993 1517 3037 annos
1541 2971 1602 3037 IlI.

1259 3094 1351 3160 Tunc
1375 3115 1447 3160 cum
1472 3093 1603 3159 consilio
1627 3093 1830 3158 sacerdotum
1845 3091 2016 3157 ordinarit
2042 3093 2079 3156 in

1258 3199 1329 3263 looo
1357 3218 1415 3262 suo
1443 3197 1587 3263 Felicem
1616 3197 1831 3284 presbiterum
1861 3194 2077 3281 episcopum.

1257 3301 1349 3367 Tunc
1365 3299 1568 3387 supradictus
1583 3301 1678 3366 Felix
1700 3301 1733 3364 in
1756 3299 1889 3365 concilio
1912 3319 1975 3362 suo
2001 3320 2076 3362 una

1257 3427 1330 3470 oum
1351 3403 1497 3470 XLVIII
1524 3405 1684 3491 episcopia
1714 3403 1949 3468 damnavenmt
1981 3401 2074 3467 duos

1256 3509 1454 3596 presbiteros
1468 3509 1638 3574 Ursaoium
1654 3515 1689 3573 et
1703 3508 1888 3590 Valentem,
1911 3527 1953 3570 eo
1973 3506 2072 3592 quod

1257 3613 1474 3678 consentirent
1497 3611 1686 3678 Constantio
1709 3612 1742 3676 in
1764 3611 1880 3676 heresi.
1921 3643 1930 3648 -

1256 3957 1336 4023 Post
1366 3978 1487 4044 paucos
1520 3957 1590 4024 dies
1622 3960 1692 4024 nelo
1728 3957 1816 4030 ducti
1843 3957 1998 4022 Ursaoius
2032 3965 2071 4023 et

1257 4061 1379 4126 Valens
1402 4067 1599 4146 rogaverunt
1621 4061 1809 4127 Constantio
1840 4060 2002 4144 Augusto,
2029 4067 2069 4126 ut

1257 4172 1426 4230 revocaret
1448 4164 1581 4230 Liberio
1610 4164 1651 4230 de
1680 4167 1777 4231 exilio
1807 4171 1842 4230 et
1869 4185 1966 4228 unam
1989 4170 2066 4228 tan-

1257 4275 1326 4332 tum
1363 4269 1622 4334 communionem
1655 4269 1881 4357 participaret,
1919 4275 2067 4352 excepto

1257 4371 1471 4458 rebaptizare.
1517 4372 1581 4447 Qui
1602 4373 1751 4439 Liberius
1775 4372 1945 4439 consensit.

1257 4715 1300 4782 Et
1323 4724 1476 4783 revocato
1500 4738 1539 4782 eo
1563 4716 1604 4782 de
1628 4719 1726 4783 exilio

1257 4837 1416 4902 habitavit
1444 4839 1477 4903 in
1499 4837 1656 4903 cimiterio
1685 4845 1817 4904 sanctae
1841 4839 1944 4925 Agnis
1972 4841 2065 4927 apud

1257 4962 1446 5026 germanam
1483 4940 1652 5007 Constanti
1683 4940 1785 5030 Aug.‚
1817 4950 1854 5008 ut
1881 4944 1972 5030 quasi
2002 4966 2066 5030 pcr

1259 5045 1330 5108 eina
1353 5051 1469 5132 rogatu
1491 5045 1613 5110 rediret
1641 5046 1674 5109 in
1697 5047 1876 5122 civitatem
1906 5046 1966 5111 sed
1988 5049 2065 5134 ipsa

1257 5168 1314 5234 pro
1347 5169 1387 5213 eo
1420 5169 1535 5234 rogare
1558 5149 1675 5231 noluit,
1707 5151 1783 5236 quia
1808 5150 1912 5216 fidelis
1935 5159 2008 5216 erat
2030 5155 2064 5218 ln

1257 5251 1395 5317 Christo.

1258 5372 1349 5438 Tunc
1372 5373 1582 5438 Constantius
1606 5394 1679 5438 cum
1701 5372 1833 5439 Ursatio
1863 5379 1896 5439 et
1917 5373 2063 5444 Valente

1258 5480 1292 5539 et
1314 5476 1404 5560 alios,
1428 5477 1483 5563 qui
1506 5496 1549 5540 ex
1571 5477 1642 5541 leco
1664 5473 1804 5542 Arriano
1827 5484 1927 5562 erant,
