4544 6428
936 433 1150 490 ΕΡΠῸΜΑΕ

504 607 732 665 FELICIANA

217 716 438 783 Theodoriana
459 714 616 780 Arrianus

215 839 319 905 voluit
341 844 444 904 totam
465 836 595 902 Italiam

217 959 326 1045 gladio

217 1079 366 1167 perdere.
411 1079 503 1143 Tunc
523 1077 686 1143 Iohannes
709 1076 904 1142 venerabilis
932 1096 1020 1162 papa

218 1221 378 1287 egressus,

161 1337 163 1344 ‘
219 1343 291 1387 aum
313 1322 392 1386 fletu

220 1468 253 1526 at
275 1460 402 1544 mugitu
424 1458 612 1539 ambulavit,

220 1605 254 1662 et
275 1598 334 1662 riri
356 1596 500 1681 religiosi
523 1602 556 1660 et
579 1596 727 1660 eonsules

131 1723 138 1738 ⁸
220 1741 254 1801 at
275 1734 402 1822 patricii
414 1732 613 1814 Theodorus,
630 1732 834 1817 Iuportunus,
857 1728 1018 1816 Agapitns

220 1843 253 1903 et
276 1839 356 1902 alius
378 1837 548 1922 Agnpitm,

219 1975 281 2039 hoo
304 1974 499 2060 accipientes
522 1974 553 2037 in
569 1973 757 2038 mandatum
779 1973 961 2057 legationis,
983 1978 1020 2036 ut

219 2075 434 2142 redderentur
472 2076 626 2142 ecclesias
668 2076 819 2141 hereticis
855 2078 887 2141 iu
925 2081 1017 2162 perte

220 2179 424 2246 Greciarum:
465 2180 551 2266 qnod
588 2181 615 2244 si
650 2202 715 2244 non
752 2179 850 2245 luerit
886 2181 1018 2264 lactum,

220 2303 350 2348 omnem
372 2281 502 2347 Italiam
524 2281 632 2368 gladio
655 2283 809 2369 perderet

218 2421 360 2485 Iustinus
383 2422 468 2506 Aug.

219 3439 279 3506 Cui
316 3461 393 3506 vero
427 3441 520 3506 simul
554 3449 588 3507 at
621 3443 824 3508 senatoribus
859 3441 959 3505 tantis
987 3447 1020 3505 et

218 3543 336 3609 talibus
371 3546 599 3611 exconsulibus
635 3552 669 3611 et
702 3545 842 3631 patriciis
880 3545 1018 3610 civitatis

217 3647 306 3712 urbis
328 3647 464 3730 Romae,
486 3648 635 3714 Flavium
730 3661 733 3668 “

218 3785 426 3851 Theodorum
450 3786 525 3851 viris
547 3785 744 3866 inlustribus,

218 3924 470 4014 praecedentem
507 3924 648 3989 omnium
684 3923 878 4010 dignitatum
910 3924 1019 4010 splen·

219 4029 343 4108 dorem,
366 4028 425 4094 sed
447 4034 481 4094 et
502 4027 714 4114 Iuportuuum
736 4027 805 4091 viro
828 4026 953 4091 inlustri
977 4047 1020 4092 ex

219 4131 413 4217 consulibus,
437 4139 471 4198 et
485 4133 629 4218 Agapito
645 4131 713 4194 viro
734 4129 861 4194 inlustri
884 4150 926 4195 ex
942 4151 1018 4195 con·

220 4237 351 4320 sulibns,
376 4243 409 4302 et
432 4237 494 4301 alio
517 4236 661 4322 Agcpito
685 4234 829 4320 patricio,
854 4254 984 4298 omnem

221 4377 380 4440 concessit
413 4376 619 4462 petitionem:
657 4379 791 4460 propter
829 4373 1019 4457 sauguinem

219 4477 439 4544 Romanorum
462 4478 604 4544 reddidit
624 4478 777 4544 hereticis
801 4476 966 4543 ecclesias.

220 4701 264 4767 Et
287 4701 363 4767 dnm
386 4709 493 4769 actium
516 4703 629 4769 fnisset
651 4703 684 4768 iu
706 4708 816 4788 partes
832 4700 1021 4767 Graciarum

221 4805 397 4870 secundum
446 4808 646 4872 voluntatem
691 4805 886 4871 Theoderici
935 4807 1021 4892 regis

221 4909 372 4992 haretici,
401 4911 543 4974 maxime
572 4909 759 4975 sacerdotes
782 4910 836 4974 rel
858 4910 1022 4974 christiani

222 5011 264 5077 ad
287 5013 396 5098 gladio
420 5015 634 5096 mitterentur,

221 5151 301 5218 illud
323 5173 400 5217 vero
424 5150 611 5216 beatissimo
628 5151 773 5216 Iohanne
791 5152 945 5238 episcopo
962 5150 1021 5216 sed

223 5261 256 5320 at
288 5256 374 5320 viros
407 5255 548 5320 inlustris
579 5255 702 5341 positus
729 5254 1021 5342 Constantinopoli,

221 5379 281 5424 rex
304 5357 525 5424 Theodericus
548 5360 651 5422 tenuit
680 5356 761 5423 duos
788 5364 955 5423 senatores
979 5378 1022 5422 ex

223 5462 406 5528 consulibus
438 5468 472 5527 et
504 5463 670 5549 patricius,
704 5462 814 5548 gladio
847 5463 1020 5544 interiecit,

222 5565 374 5631 Boetium
399 5573 432 5632 et
455 5566 696 5653 Symmachum,

224 5725 360 5792 quornm
383 5706 482 5770 etiam
506 5725 642 5793 corpora

1354 602 1591 662 CONONIANA

1070 733 1130 778 rex
1153 709 1373 777 Theodericus
1397 710 1576 775 christianis

1071 834 1173 898 voluit
1194 831 1291 898 Italia

1071 1069 1220 1156 perdere.
1264 1070 1355 1137 Tunc
1377 1071 1538 1137 Iohannes
1560 1090 1647 1157 papa

1072 1350 1143 1394 oum
1169 1330 1257 1413 fletu,

1073 1611 1107 1670 st
1128 1605 1187 1670 viri
1209 1603 1354 1689 religiosi
1377 1624 1420 1668 ax
1442 1601 1636 1685 consolibus,

1072 1985 1134 2048 hoo
1157 1983 1354 2069 accipientes
1375 1983 1409 2045 in
1429 1979 1616 2045 mandatum
1631 1979 1814 2065 legationis,
1837 1983 1874 2042 ut

1072 2086 1286 2152 redderentur
1323 2087 1476 2151 ecclesias
1518 2081 1593 2149 sua's
1629 2083 1803 2148 haereticis
1839 2083 1873 2146 iu

1072 2195 1182 2276 partas
1206 2187 1407 2254 Greciarum:
1443 2187 1529 2274 quod
1558 2189 1584 2252 si
1613 2188 1660 2251 its
1689 2207 1755 2251 uon
1777 2185 1874 2250 fuerit

1072 2294 1202 2375 lactum,
1215 2314 1345 2358 omnem
1356 2292 1485 2357 Italiam
1501 2289 1543 2356 ad
1559 2290 1704 2376 gladium
1718 2289 1875 2376 perderet

1071 2451 1132 2496 rex
1155 2430 1385 2496 Theodericus.

1073 2568 1136 2642 Qui
1153 2567 1229 2634 dum
1243 2569 1429 2634 introissent
1450 2587 1561 2633 omnes
1578 2566 1786 2653 suprascripti
1802 2586 1874 2631 anm

1071 2673 1216 2737 iohanne
1251 2693 1337 2760 papa
1367 2671 1697 2757 Constantinopolim,
1722 2689 1871 2734 occurre-

1070 2784 1145 2842 runt
1167 2777 1214 2841 eis
1236 2798 1256 2841 a
1285 2776 1422 2841 miliario
1446 2776 1513 2841 XII
1535 2775 1568 2840 iu
1589 2775 1713 2839 honore
1737 2777 1869 2860 aposto-

1070 2881 1185 2962 lorum,
1202 2880 1425 2945 desiderantes
1440 2885 1516 2966 post
1530 2879 1663 2943 beatum
1680 2878 1872 2942 silvestrum

1071 3004 1190 3070 papam
1219 2982 1419 3069 temporibus
1449 2982 1651 3047 Constantini
1682 2981 1875 3045 meruissent

1071 3088 1218 3174 partibus
1230 3086 1368 3152 Greciae
1380 3087 1536 3151 vicanum
1553 3086 1656 3150 sancti
1668 3085 1757 3150 Petri
1774 3083 1874 3148 snsei·

1072 3212 1162 3278 pere.
1207 3191 1251 3256 Et
1276 3190 1418 3255 Iustinus
1448 3190 1534 3275 Aug.
1564 3188 1711 3254 adoravit
1741 3187 1875 3252 beatum

1072 3295 1261 3377 Iohannem,
1285 3294 1326 3358 de
1350 3295 1439 3358 onius
1454 3293 1602 3358 manibus
1618 3297 1791 3357 coronatus
1814 3295 1875 3357 est.

1072 3433 1163 3498 Tunc

1073 3776 1280 3843 Theodorum
1303 3776 1406 3841 virum
1429 3776 1598 3841 inlustrem

1072 3937 1144 3981 cum
1176 3915 1245 3979 aliis
1274 3915 1406 3996 nobilis,
1430 3915 1486 4001 qui
1509 3933 1581 3978 eum
1603 3910 1702 3975 beato
1726 3911 1875 3976 Iohanne

1070 4039 1158 4106 papa
1179 4024 1347 4100 venerant,

1073 4378 1231 4444 concessit
1267 4377 1461 4464 petitiones:
1506 4382 1641 4463 propter
1684 4376 1877 4461 sanguinem

1072 4482 1294 4548 Romanorum
1338 4479 1479 4545 reddidit
1522 4481 1674 4545 hereticis
1721 4479 1876 4544 ecclesias

1073 4607 1159 4654 suas.

1074 5153 1161 5218 Dum
1189 5173 1266 5217 vero
1297 5152 1477 5217 Iohannem
1507 5155 1695 5240 episcopum
1717 5175 1782 5219 una
1806 5176 1879 5220 eum

1075 5258 1151 5323 viris
1173 5256 1316 5320 inlustris
1337 5256 1480 5341 positum
1504 5257 1535 5320 iu
1553 5255 1877 5346 Constantinopolim,

1075 5381 1135 5425 rex
1172 5358 1393 5424 Theodericus
1432 5361 1536 5424 tenuit
1580 5360 1660 5425 dnos
1699 5370 1878 5444 senatores,

1077 5463 1229 5528 Bothium
1258 5469 1291 5527 et
1320 5461 1527 5548 symmacum
1557 5466 1745 5550 patricium,
1768 5466 1877 5552 gladio

1075 5567 1238 5632 interfecit
1261 5571 1296 5630 et
