4544 6428
398 425 461 488 236
1118 419 1334 474 sarronae

687 591 913 648 FELIOIAIVA
1538 591 1774 648 GONONIANA

399 698 440 763 de
468 697 590 785 pascha
618 699 670 764 vel
700 697 741 763 de
772 698 823 764 die
856 699 960 785 prima
988 720 1059 763 aum
1088 697 1196 763 Theo·
1223 757 1225 800 ἲ
1252 695 1292 761 de
1316 696 1437 782 pascha
1459 697 1511 761 rel
1540 695 1581 762 de
1611 697 1662 762 die
1686 699 1823 783 primum
1848 717 1925 762 cum
1950 697 2079 762 Theo-

398 803 487 888 philo
512 803 665 889 episcopo
690 801 911 868 Alexandriae
940 801 981 866 de
1004 803 1088 866 luna.
1134 801 1198 865 Hie
1250 801 1339 886 philo
1372 801 1523 888 episcopo
1553 800 1762 866 Alexandrae
1792 800 1832 864 do
1856 801 1949 867 luna.
2006 799 2080 864 Hic

397 907 471 970 ficet
494 903 713 972 ordinationes
735 905 778 988 II,
802 906 911 993 presb.
934 904 1012 985 IIII,
1037 905 1119 970 diac.
1137 904 1194 986 VI,
1251 905 1327 968 feeit
1352 902 1570 970 ordinationes
1591 903 1635 988 II,
1663 905 1770 992 presb.
1792 903 1871 987 IIII,
1897 903 1991 970 diac.
2010 903 2079 985 VI,

399 1011 570 1097 episcopos
593 1030 652 1096 per
674 1013 745 1075 loca
767 1008 845 1075 XII.
891 1009 953 1083 Qui
978 1011 1124 1096 sepultus
1149 1015 1198 1074 est
1251 1009 1422 1095 episcopos
1444 1007 1520 1074 XII.
1572 1008 1633 1083 Qui
1658 1017 1691 1072 et
1713 1010 1858 1096 sepultus
1888 1015 1944 1072 est
1969 1010 2080 1072 iuxta

397 1115 489 1180 iuxta
520 1133 635 1202 corpus
668 1113 758 1178 beati
787 1113 924 1178 PetriV
948 1113 990 1178 kl.
1020 1114 1105 1199 Aug.
1156 1113 1198 1178 Et
1251 1133 1367 1200 corpus
1400 1112 1491 1177 beati
1519 1111 1609 1178 Petri
1638 1111 1737 1178 Vkl.
1765 1112 1850 1197 Aug.
1908 1111 2081 1176 Cessarit

398 1219 536 1283 cessavit
559 1219 765 1306 episcopatus
789 1216 857 1283 dies
879 1216 938 1282 XI.
1252 1217 1458 1302 episcopatus
1481 1214 1551 1281 dies
1574 1215 1652 1282 XII.

448 1361 512 1406 xva
534 1340 744 1423 errramavS,
780 1340 911 1404 audone
940 1338 1124 1422 Romanus,
1157 1361 1197 1403 ex
1294 1359 1358 1404 xvr.
1381 1337 1586 1420 Zaraemam,
1608 1338 1740 1402 natione
1762 1336 1944 1420 Romanus,
1964 1343 2078 1422 patre

398 1449 490 1530 patre
517 1441 764 1526 Habundantio,
796 1441 880 1506 sedit
903 1463 976 1506 ann.
993 1443 1075 1507 VIII
1098 1463 1198 1507 mens.
1252 1439 1421 1522 Abundio,
1445 1439 1528 1505 sedit
1562 1462 1613 1507 an.
1631 1439 1749 1505 XVIII
1782 1461 1882 1504 mens.
1903 1440 1958 1504 III
1994 1441 2079 1505 dies

398 1546 464 1611 VII
487 1547 555 1613 dios
577 1547 618 1612 X.
662 1547 739 1613 Fuit
762 1547 964 1634 temporibus
987 1546 1140 1611 Antonini
1165 1551 1198 1610 et
1251 1545 1294 1608 X.
1346 1545 1422 1610 Fuit
1451 1551 1561 1610 autem
1592 1545 1792 1630 temporibus
1829 1543 1994 1610 Antonini
2039 1553 2079 1610 et

398 1651 562 1733 Severini,
595 1652 761 1716 consulate
790 1651 952 1716 Saturnini
981 1650 1136 1714 Antonini
1167 1656 1200 1713 et
1253 1648 1383 1731 Severi,
1413 1669 1433 1712 a
1460 1649 1627 1714 consulatu
1653 1648 1808 1714 Antonini
1838 1657 1871 1712 et
1893 1648 2078 1714 Gallicani

400 1753 559 1818 Gallicani
589 1775 692 1840 usque
721 1755 762 1819 ad
786 1755 977 1819 Prosentem
1002 1762 1036 1818 et
1058 1755 1198 1819 Strieato
1252 1773 1353 1838 usque
1383 1751 1425 1816 ad
1453 1751 1665 1817 Praesentem
1695 1760 1729 1818 et
1751 1751 1888 1818 Stricato
1914 1756 2076 1820 consuli-

399 1859 594 1925 eoasulibus.
623 1859 686 1923 Hie
699 1859 872 1940 constituit,
886 1859 1083 1945 presentiam
1096 1858 1199 1923 omni·
1252 1855 1321 1921 bus.
1366 1855 1429 1921 Hie
1445 1856 1619 1937 constituit,
1643 1862 1679 1921 ut
1700 1857 1935 1943 inpraesentia
1953 1861 2074 1924 omni·

398 1961 458 2026 bus
482 1961 606 2028 clericis
630 1967 664 2026 et
685 1963 774 2027 laicis
797 1961 945 2027 fidelibus
1253 1959 1312 2024 bus
1335 1959 1458 2025 clericis
1482 1967 1516 2024 et
1537 1960 1627 2025 laicis
1648 1957 1797 2024 fidelibus

397 2075 465 2140 sive
488 2075 622 2140 alericus

400 2187 468 2251 sive
498 2187 598 2252 levita
627 2187 694 2250 sive
725 2185 876 2252 sacerdos
900 2187 1112 2253 ordinaretur.
1157 2185 1200 2250 Et
1252 2185 1319 2250 sive
1349 2185 1449 2250 levita
1477 2185 1544 2248 sive
1572 2182 1723 2249 sacerdos
1752 2183 1966 2254 ordinaretur.
2020 2189 2072 2254 Et

400 2291 478 2356 lecit
491 2291 664 2354 constituto
678 2288 718 2354 de
732 2291 870 2355 ecclesia
885 2297 917 2355 et
930 2299 1067 2378 patenas
1079 2293 1199 2355 vitreas
1252 2290 1329 2354 lecit
1344 2291 1551 2354 constItutum
1576 2287 1616 2352 de
1641 2289 1779 2353 ecclesia
1799 2295 1832 2353 et
1847 2295 1988 2377 patenas
2016 2295 2072 2360 vi-

399 2401 475 2458 ante
499 2415 534 2458 se
558 2393 745 2458 sacerdotes
767 2395 800 2459 in
824 2395 961 2460 eeclesia
984 2402 1017 2460 et
1039 2396 1199 2460 ministros
1252 2401 1426 2458 treasante
1442 2414 1477 2458 se
1494 2392 1680 2458 sacerdotes
1695 2393 1727 2456 in
1744 2394 1929 2458 ecclesiast
1946 2397 2071 2462 minis-

399 2497 636 2584 subportantes,
659 2497 735 2562 dam
753 2499 924 2584 episcopus
940 2500 1037 2564 missa
1053 2499 1198 2564 celebra·
1251 2505 1318 2562 tros
1346 2505 1627 2584 superportantes,
1658 2497 1734 2562 dum
1764 2498 1934 2584 episeopus
1959 2501 2072 2565 missa

398 2606 465 2682 ret,
490 2607 564 2666 ante
592 2622 627 2666 se
660 2601 846 2666 sacerdotes
881 2623 993 2667 omnes
1022 2601 1198 2686 adstantes,
1252 2602 1451 2686 celebraret,
1476 2609 1550 2666 ante
1578 2623 1612 2666 se
1643 2600 1830 2666 sacerdotes
1861 2623 1973 2666 omnes
2000 2605 2069 2669 ad·

400 2703 445 2768 sie
483 2706 601 2770 missae
640 2705 898 2778 celebrarentur;
937 2711 1075 2792 excepto
1111 2707 1199 2771 cuius
1251 2711 1382 2788 stantes,
1413 2706 1458 2769 sic
1490 2705 1606 2770 missae
1630 2705 1885 2782 celebrarentur
1915 2715 2070 2796 excepto

401 2807 545 2895 episcopi
571 2809 706 2874 interest
732 2815 856 2873 tantum
893 2811 997 2874 clerus
1027 2811 1200 2874 sustineret
1252 2809 1338 2895 quod
1353 2810 1402 2873 ius
1418 2809 1561 2896 episcopi
1584 2809 1668 2874 inter
1690 2815 1814 2874 tantum
1832 2811 1936 2874 clerus
1960 2816 2069 2878 susti-

402 2911 549 2976 0mnibus
583 2913 805 2998 presentibus,
831 2935 872 2976 ex
896 2933 936 2978 ea
958 2915 1198 2978 consecratione
1251 2921 1344 2978 neret
1361 2914 1508 2978 omnibus
1524 2919 1723 3000 praesentes,
1741 2934 1783 2978 ex
1800 2933 1840 2978 ea
1855 2919 2069 2981 consecraci-

401 3016 441 3079 de
465 3036 562 3080 manu
595 3017 739 3103 episcopi
768 3017 831 3080 iam
856 3038 1007 3081 coronam
1031 3039 1199 3082 consacra—
1253 3039 1314 3082 one
1339 3017 1379 3081 de
1402 3039 1500 3082 manu
1528 3019 1671 3104 episcopi
1698 3019 1762 3082 iam
1793 3039 1945 3083 coronam
1979 3042 2067 3086 con-

401 3125 467 3182 tam
491 3121 655 3205 acciperet
677 3119 839 3206 presbiter
861 3121 1052 3185 tradendam
1068 3123 1198 3208 populo.
1253 3129 1411 3187 socratam
1435 3124 1598 3209 acciperet
1613 3123 1775 3210 presbiter
1791 3121 1982 3187 tradendam
1999 3147 2069 3212 po-

401 3221 464 3285 Hic
487 3223 564 3287 lecit
587 3223 806 3287 ordinationes
828 3223 899 3288 IIII
1254 3227 1340 3312 pulo.
1385 3224 1448 3289 IIic
1474 3227 1550 3291 Iccit
1573 3225 1792 3291 ordinationes
1814 3227 1892 3304 IIII,

401 3355 460 3419 per
481 3355 582 3399 mens.
605 3335 774 3419 Decemb,

401 3446 509 3530 presb.
525 3445 636 3528 XIIII,
661 3445 742 3513 diae.
758 3446 852 3528 VIII,
870 3449 1040 3535 episcopos
1056 3470 1114 3534 per
1129 3451 1201 3514 loca¹
1255 3449 1362 3536 presb.
1388 3450 1502 3532 XIIII,
1531 3450 1611 3514 diac.
1635 3450 1730 3526 VIII,
1760 3451 1928 3536 episcopos
1959 3449 2061 3514 XIII.

401 3549 494 3614 XIII.
540 3549 603 3623 Qui
626 3551 772 3636 sepultus
796 3552 899 3616 estin
922 3553 1078 3616 cimiterio
1256 3553 1472 3640 Sepultusque
1497 3555 1600 3618 estin
1625 3555 1780 3618 elmiterio

400 3683 458 3726 SUO

401 3775 491 3838 iuxta
522 3775 712 3839 cimiterium
737 3773 876 3858 Oalesti,
905 3778 956 3842 via
978 3777 1096 3864 Appia,
1120 3776 1201 3840 VIII
1255 3779 1346 3842 iuxta
1369 3779 1524 3842 cimiterio
1549 3777 1677 3860 Calisti,
1699 3779 1752 3842 via
1774 3778 1892 3864 Appia,
1916 3779 2000 3843 VIII
2027 3781 2062 3845 k.

402 3877 446 3941 kl.
472 3877 563 3964 Sept.
609 3877 652 3942 Et
679 3880 817 3944 cessavit
847 3881 1052 3967 episcopatus
1075 3880 1145 3944 dies
1160 3879 1200 3946 V.
1256 3881 1347 3968 Sept.
1394 3881 1540 3947 Oessavit
1564 3881 1768 3968 episcopatus
1791 3880 1861 3946 dies
1877 3882 1918 3948 V.

459 4019 534 4063 xva.
566 3995 733 4084 Gamerae,
771 4002 901 4066 natione
938 4001 1121 4083 Romanus,
1160 4023 1202 4066 ex
1313 4024 1390 4068 xvu.
1421 4000 1587 4084 Oaarsrvs,
1625 4004 1755 4067 natione
1793 4003 1976 4084 Romanus,
2017 4025 2064 4068 ex

402 4107 494 4188 patre
510 4101 665 4184 Domitio,
689 4102 730 4168 de
751 4105 884 4190 regione
902 4105 991 4170 Urbe
1007 4106 1200 4172 Ravennan-
1256 4113 1347 4192 patre
1371 4105 1526 4187 Domitio,
1551 4103 1592 4170 de
1615 4108 1749 4192 regione
1766 4107 1855 4172 Urbe
1879 4107 2059 4172 Rubenna-

403 4208 492 4288 tium,
509 4204 593 4269 sedit
608 4227 682 4272 ann.
698 4207 747 4271 VI
769 4230 872 4274 meus.
890 4210 922 4274 ΙΙ
945 4210 1015 4274 dies
1030 4209 1089 4274 XI.
1128 4209 1203 4273 Fuit
1256 4213 1351 4294 tium,
1382 4209 1466 4274 sedit
1497 4211 1595 4274 an.V
1619 4211 1787 4275 mens.XI
1810 4209 1879 4275 dies
1894 4210 1935 4276 X.
1981 4210 2063 4278 Fuit

403 4308 603 4395 temporibus
635 4309 770 4374 Macrini
803 4319 837 4376 et
870 4313 1147 4392 Theodoliobolli,
1182 4333 1202 4376 a
1256 4322 1365 4379 autem
1402 4313 1602 4399 temporibus
1640 4315 1754 4379 Marini
1791 4323 1824 4379 et
1858 4313 2060 4380 Theodolio-

403 4413 570 4498 consolatu
587 4413 742 4478 Antonini
759 4421 792 4479 et
808 4415 997 4482 Alexandri.
1037 4415 1100 4480 Hie
1116 4437 1201 4480 mar·
1255 4419 1339 4501 billi,
1369 4440 1388 4482 a
1418 4418 1586 4482 consolatu
1621 4417 1776 4483 Antonini
1806 4426 1839 4484 et
1867 4419 2060 4484 Alexandri.

403 4517 487 4602 tyrio
507 4525 689 4584 coronatur.
734 4519 798 4583 Hic
821 4521 984 4584 constituit
1006 4520 1124 4584 ieiunio
1149 4520 1201 4584 die
1256 4523 1408 4609 Martyria
1427 4526 1606 4586 coronatur.
1645 4520 1709 4586 Hic
1724 4524 1888 4588 coustituit
1903 4523 2060 4588 ieiunium
2111 4595 2112 4600 γ

403 4619 531 4684 sabbati
554 4626 604 4684 ter
627 4621 658 4684 iu
681 4643 764 4686 anno
787 4623 866 4706 fieri,
890 4624 1060 4702 frumento,
1081 4625 1145 4689 vini
1170 4631 1203 4689 et
1256 4627 1383 4692 sabbati
1405 4633 1455 4690 ter
1476 4627 1508 4690 in
1532 4647 1615 4690 auno
1636 4625 1721 4707 lieri,
1745 4627 1911 4710 frumenti,
1935 4628 2000 4692 vini
2025 4635 2061 4692 et

404 4724 467 4787 olei
498 4723 675 4789 seeundum
708 4727 901 4813 prophetam
937 4730 1042 4815 quarti
1073 4730 1201 4811 mensis,
1257 4731 1320 4795 olei
1350 4729 1526 4794 seeundum
1556 4729 1761 4816 prophetiam
1786 4731 1900 4818 quarti,
1925 4731 2060 4816 septimi

403 4829 531 4915 septimi
555 4835 588 4893 et
610 4829 737 4896 decimi.
1257 4839 1290 4898 et
1313 4832 1430 4898 decimi
1453 4833 1581 4898 mensis.

1255 4946 1318 5012 Hie
1341 4946 1418 5011 lecit
1441 4946 1606 5010 basilicam
1623 4951 1711 5010 trans
1727 4945 1881 5032 Tyberim
1905 4953 1938 5011 et
1953 4947 2056 5011 cime-

1256 5051 1371 5114 terium
1394 5050 1447 5114 via
1469 5049 1587 5137 Appia,
1612 5050 1666 5135 qui
1689 5048 1804 5115 dicitur
1828 5050 1957 5115 Oaliste.

404 5157 467 5230 Qui
497 5159 643 5243 sepultus
672 5165 721 5224 est
749 5161 915 5247 cymiterio
945 5161 1118 5247 Calepodi,
1151 5161 1203 5224 via
1257 5162 1320 5236 Qui
1343 5163 1442 5226 etiam
1467 5162 1611 5248 sepultus
1642 5168 1691 5226 est
1717 5163 1750 5227 in
1779 5163 1936 5229 cimiterio
1960 5162 2059 5228 Cale-

403 5261 545 5342 Aurelia,
569 5264 707 5328 miliario
728 5264 788 5344 III,
812 5264 893 5350 prid.
916 5263 959 5329 id.
977 5264 1092 5329 Octob.
1139 5263 1202 5330 IIie
1257 5266 1352 5354 podi,
1385 5267 1439 5331 via
1461 5267 1611 5348 Aurelia,
1646 5266 1782 5330 miliario
1806 5266 1872 5348 III,
1907 5267 1989 5353 prid.
2014 5268 2059 5333 id.

403 5365 481 5429 lecit
503 5365 721 5431 ordinationes
737 5366 768 5430 V
1257 5371 1372 5437 Octob.
1416 5370 1479 5434 Iiio
1502 5371 1580 5435 lecit
1603 5369 1820 5434 ordinationes
1836 5369 1877 5448 V,

403 5497 462 5563 per
484 5499 585 5546 mens.
609 5478 778 5562 Decemb,

403 5591 509 5674 presb.
526 5590 617 5674 XVI,
642 5591 723 5655 diae.
739 5591 817 5673 IIII,
842 5593 1011 5678 episcopos
1040 5613 1100 5679 per
1131 5596 1203 5659 loca
1257 5597 1363 5681 presb.
1377 5593 1467 5676 XVI,
1485 5593 1565 5659 diac.
1581 5595 1659 5674 IIII,
1677 5594 1950 5681 episcoposVIII.
1975 5595 2057 5660 Oes-

403 5693 494 5758 VIII.
541 5693 671 5768 Quievit
694 5695 898 5781 episcopatus
921 5695 990 5759 dies
1006 5696 1063 5764 VI.
1258 5703 1340 5768 savit
1363 5705 1569 5790 episcopatus
1594 5697 1663 5762 dies
1687 5698 1778 5764 XVI.
