4544 6428
403 413 465 476 238

689 577 916 634 FELICIANA

403 682 564 772 quondum
587 684 731 749 MoxImo
758 685 937 772 presbitero
959 689 1081 770 martyr
1104 683 1202 748 olleo·

404 797 455 854 tus
478 795 536 855 est.
581 789 645 854 Hie
668 789 829 854 ordinavit
850 809 949 854 unum
973 789 1171 874 episcopum.

404 1030 467 1105 Qui
490 1033 636 1117 sepultus
659 1031 763 1095 estin
786 1030 933 1095 cimitirio
957 1030 1089 1114 Calosti,

403 1154 455 1218 via
477 1153 595 1240 Appia,

404 1273 473 1339 IIII
484 1295 557 1339 non.
569 1273 637 1340 Ian.
661 1273 704 1338 Ft
716 1272 853 1337 cessavit
865 1273 1070 1358 episcopatus
1083 1271 1204 1336 ‹llesIL

447 1483 512 1530 xxi.
536 1463 701 1545 Faunum,
718 1463 849 1526 natione
862 1461 1038 1544 Romanus,
1056 1483 1097 1526 ex
1113 1469 1204 1550 patre

404 1567 526 1648 Fabio,
556 1565 640 1631 sedit
671 1566 862 1630 anlelII
890 1565 1024 1630 monol
1055 1565 1124 1630 dies
1145 1565 1205 1632 XI.

405 1671 559 1758 Martyria
576 1678 756 1736 coronatur.
792 1669 867 1733 Fuit
882 1676 990 1732 autem
1008 1669 1207 1756 temporibus

406 1775 540 1840 Maximi
563 1781 597 1838 ct
619 1775 763 1839 AfrIcani
790 1794 892 1859 nsque
922 1773 963 1836 ad
986 1773 1089 1838 Decio
1113 1775 1145 1838 11
1174 1781 1207 1838 et

406 1877 571 1951 Quadrato

406 2006 440 2064 et
462 2020 576 2087 passus
599 2004 649 2063 eat
674 1997 776 2063 XIIII
798 1997 842 2062 kl.
866 1998 946 2062 Feb.

406 2119 469 2184 IIle
485 2121 635 2204 regiones
652 2120 766 2185 dividit
782 2118 969 2183 diaconibus
992 2125 1025 2182 et
1048 2119 1125 2182 lacit
1140 2117 1205 2182 VII

405 2223 629 2308 subdiaconos,
646 2226 699 2310 qui
716 2231 842 2311 septem
854 2224 986 2287 notariis
1003 2223 1206 2303 inmiuerent‚

405 2335 441 2392 ut
463 2335 557 2414 gesta
580 2335 755 2414 martyrum
779 2326 917 2391 fideliter
940 2327 1140 2411 colligerent.

407 2672 486 2736 Post
508 2672 691 2759 passionem
716 2673 784 2736 eius
807 2671 939 2758 Moyses
963 2677 996 2735 et
1012 2671 1206 2738 Maximinus

406 2777 576 2862 presbiteri
609 2782 642 2840 et
665 2774 865 2840 Nicostratus
894 2775 1048 2840 diaeonus
1072 2797 1207 2862 conpre-

408 2881 500 2944 hensi
535 2885 617 2942 sunt.
673 2877 799 2942 Eodem
832 2886 978 2966 tempore
1012 2880 1142 2967 Moyses
1176 2881 1207 2944 in

408 3005 537 3049 carcere
554 2983 723 3048 defunctus
740 2989 798 3064 est,
815 2985 868 3068 qui
892 2985 952 3048 luit
974 2984 1017 3048 ibi
1035 3005 1135 3048 mens.
1148 2983 1207 3066 XI,

410 3095 442 3152 et
465 3089 510 3152 sic
532 3087 625 3151 multi
648 3086 811 3151 christiani
833 3087 1004 3171 lugierunt.

408 3208 472 3273 Ilio
495 3209 573 3273 fecit
595 3206 813 3272 ordinationes
828 3206 860 3270 V

408 3351 469 3414 per
490 3350 591 3394 mens.
614 3328 782 3411 Decemb.‚

410 3451 515 3535 presb.
525 3448 635 3533 XXII,
648 3449 741 3532 diua,
757 3449 924 3535 episcopos
940 3469 999 3535 per
1014 3449 1086 3512 loca
1101 3448 1211 3512 XIIII.

410 3553 472 3627 Qui
496 3555 642 3641 sepultus
665 3560 715 3618 est
736 3555 768 3616 in
792 3553 947 3617 cimiterio
971 3551 1102 3632 Calesti,

411 3675 463 3738 via
485 3674 602 3760 Appia,

411 3794 496 3859 XIII
528 3794 571 3858 kl.
608 3794 705 3860 Febr.
763 3793 806 3858 Mt
839 3794 975 3859 cessavit
1009 3795 1213 3880 episcopatus

412 3897 570 3964 diesVII.

455 4108 529 4152 xxii.
555 4087 748 4163 Cossutius,
771 4089 901 4152 natione
925 4088 1105 4166 Romanus,
1130 4087 1213 4152 sedit

412 4191 524 4256 aiunl
554 4213 654 4258 mens.
677 4191 711 4254 II
739 4192 808 4255 dies
824 4191 885 4257 Ill.
942 4191 1096 4276 Martyria
1121 4213 1211 4255 coro-

412 4301 514 4361 natur.

414 5575 477 5640 Ilio
512 5574 711 5661 temporibus
745 5575 808 5639 suis
841 5579 973 5658 rogatus
1003 5595 1022 5636 a
1051 5572 1212 5660 quendam

416 5684 594 5742 matronam
619 5699 753 5766 corpore
776 5679 996 5765 apostolorum
1019 5679 1109 5742 beati
1124 5678 1212 5741 Petri

1129 405 1343 462 ΕΡΙΤΟΜΔΕ

1542 578 1773 635 OONONIANA

1258 683 1419 768 quondam
1436 683 1614 752 Maximum
1638 685 1853 772 presbiterum
1873 693 2015 772 martyr
2035 687 2089 751 ef-

1257 789 1360 853 fectus
1384 795 1442 854 cst.
1487 788 1551 854 Hic
1574 789 1735 855 ordinavit
1754 811 1852 854 unum
1872 791 2088 878 episcopum

1256 909 1288 972 in
1312 909 1441 974 civitate
1464 909 1585 976 Fundis
1609 909 1817 996 Campaniae.

1257 1029 1474 1119 Sepultusquc
1497 1038 1546 1096 est
1568 1033 1600 1096 in
1624 1033 1780 1098 cimiterio
1804 1030 1974 1098 Oalestini

1258 1271 1310 1337 III
1324 1272 1478 1339 non.1an.
1515 1271 1663 1340 Oessavit
1679 1277 1885 1363 episcopatus
1903 1275 1984 1341 dies
2001 1275 2087 1340 VII.

1302 1481 1364 1526 xxi.
1394 1461 1564 1544 Faunum,
1593 1465 1723 1528 natione
1755 1463 1937 1544 Romanus,
1978 1473 2087 1552 patre

1259 1563 1373 1646 Fabio,
1389 1564 1474 1629 sedit
1489 1587 1540 1630 an.
1558 1567 1639 1630 XIII
1656 1589 1757 1633 mens.
1774 1569 1790 1632 Ι
1806 1567 1874 1632 dies
1892 1569 1937 1634 X.
1984 1571 2086 1636 Mar-

1260 1669 1342 1755 tyrio
1366 1676 1546 1735 coronatur.
1592 1669 1667 1735 Fuit
1697 1672 1896 1759 temporibus
1927 1673 2085 1741 Maximi

1260 1779 1294 1836 ot
1309 1773 1453 1838 Africani
1476 1794 1578 1859 usque
1602 1773 1643 1838 cd
1660 1775 1762 1840 Decio
1778 1775 1812 1840 Π
1833 1783 1865 1839 et
1881 1775 2085 1850 Quadrato.

1260 2119 1323 2184 IIic
1338 2119 1489 2205 regiones
1506 2119 1619 2185 dividit
1635 2117 1821 2185 diaconibus
1845 2126 1878 2184 ct
1902 2121 1989 2184 lecit
2008 2121 2084 2187 v11

1259 2223 1483 2305 subdiaconos,
1500 2225 1552 2308 qui
1569 2229 1695 2310 septem
1712 2223 1843 2286 notoriis
1856 2223 2085 2308 inminerent,

1259 2334 1295 2390 ut
1317 2333 1426 2412 gestas
1449 2333 1626 2414 martyrum
1651 2325 1791 2391 fideliter
1813 2326 2032 2412 colligerent.

1259 2448 1302 2512 Et
1323 2447 1440 2513 multas
1463 2447 1601 2514 fabricas
1625 2470 1683 2535 per
1705 2449 1861 2512 cimiteria
1888 2449 1961 2513 fieri
1996 2473 2084 2538 pre-

1260 2553 1355 2638 cepit.

1264 3207 1326 3272 llio
1350 3207 1428 3272 lecit
1451 3207 1728 3291 ordinationeaV,

1266 3450 1373 3536 presb.
1383 3448 1492 3532 XXII,
1506 3449 1586 3515 diac.
1594 3450 1687 3532 VIII,
1701 3451 1868 3535 episcopos
1880 3447 1975 3512 XIII.
2010 3450 2079 3515 Se-

1266 3554 1439 3639 pultusque
1463 3555 1567 3618 estin
1592 3554 1747 3618 cimiterio
1772 3553 1881 3617 Calisti

1268 3794 1352 3858 XIII
1374 3794 1406 3858 k.
1430 3795 1526 3859 Febr.
1584 3794 1731 3860 Cessavit
1762 3795 1967 3880 episcopatus
1999 3792 2079 3858 dies

1266 3898 1343 3964 VII.

1311 4109 1384 4154 xxn.
1410 4089 1602 4168 Corinenses,
1625 4088 1756 4151 natione
1780 4085 1960 4168 Romanus,
1985 4086 2078 4152 sedit

1269 4191 1369 4257 an.II
1403 4213 1503 4258 mens.
1520 4191 1570 4256 III
1599 4190 1668 4255 dics
1691 4190 1733 4255 X.
1792 4189 1946 4276 Martyrio
1976 4211 2076 4254 coro-

1267 4303 1371 4362 natur.

1268 4416 1335 4480 Sub
1359 4416 1452 4480 huius
1476 4417 1666 4502 episcopatu
1689 4413 1836 4479 Nanctus
1852 4413 2074 4478 Nonatianum

1268 4528 1362 4586 extra
1386 4521 1525 4585 ecelesia
1547 4519 1706 4584 ordinavit
1734 4525 1767 4582 et
1788 4517 1910 4583 Allriea
1933 4515 2074 4581 Nostra-

1268 4630 1346 4688 tum.
1402 4624 1475 4688 Hoe
1510 4623 1629 4686 laetum
1661 4623 1880 4703 confessores,
1913 4622 2026 4705 quise
2053 4645 2074 4686 a

1268 4728 1418 4792 Cornelio
1442 4731 1675 4813 separaverunt
1703 4746 1774 4790 cum
1805 4725 1948 4789 Maximo
1978 4744 2074 4811 pres-

1266 4831 1388 4913 bitero,
1418 4831 1566 4916 quicum
1590 4829 1704 4916 Moyse
1728 4829 1802 4912 fuit,
1832 4828 1873 4892 ad
1898 4829 2073 4894 eeclesiam

1267 4941 1341 4999 sunt
1374 4933 1496 4999 reversi
1526 4933 1649 4998 fideles.
1706 4932 1785 4996 Post
1815 4933 1876 4997 hoc
1900 4931 2075 4997 Cornelius

1268 5039 1438 5125 episcopus
1455 5036 1684 5102 Centumcellis
1706 5036 1817 5122 pulsus
1834 5043 1884 5100 est
1900 5042 1934 5100 et
1947 5035 2074 5101 ibidem

1268 5142 1419 5228 scriptam
1454 5143 1623 5228 epistolam
1659 5140 1699 5204 de
1736 5161 1793 5204 suu
1827 5141 2074 5206 confirmatione

1267 5247 1414 5332 martyrii
1439 5247 1537 5310 missa
1565 5267 1584 5310 a
1613 5245 1774 5331 Cypriane
1803 5245 1945 5330 accepit,
1973 5265 2074 5329 quam

1268 5348 1449 5436 Cyprianus
1472 5351 1504 5414 in
1528 5369 1692 5414 carcerem
1708 5349 1844 5435 seripsIt,
1868 5354 1901 5412 et
1917 5347 1958 5412 de
1973 5347 2072 5412 Gele-

1267 5455 1336 5518 rino
1360 5455 1493 5520 lectore.

1268 5573 1331 5638 Hie
1369 5573 1570 5660 temporibus
1606 5574 1671 5637 suis
1705 5579 1837 5658 rogatus
1876 5593 1895 5636 a
1929 5572 2071 5659 quodam

1270 5685 1416 5742 matrona.
1433 5699 1569 5764 corporo
1585 5678 1804 5763 apostolorum
1822 5677 1911 5741 Petri
1929 5685 1961 5741 et
1978 5677 2074 5742 Pauli
