4538 6420
368 415 462 470 XVIII
1055 413 1342 470 PROLEGOMENA.

366 589 466 653 immo
492 589 661 656 evidenter
683 590 841 655 habemus
864 588 1002 654 hicnon
1026 589 1197 675 aequalem
1222 587 1329 654 studio
1354 594 1388 654 et
1403 589 1479 656 odio
1494 591 1676 678 abreptum,
1700 590 1758 656 sed
1779 590 1945 656 hominem
1968 611 2025 655 sua

366 693 488 758 scilicet
510 714 616 759 rerum
639 694 754 758 notitia
781 693 869 758 nulla
897 693 1087 758 metructum
1113 692 1331 758 narrationem
1359 694 1391 758 in
1421 695 1578 760 chronicis
1608 696 1773 760 inventam
1799 696 1967 760 laxantem
1992 700 2026 760 et

367 797 641 884 pessumdantcm.
689 797 767 863 Sola
794 805 942 862 extrema
964 797 1103 862 vitarum
1126 817 1202 884 pars
1223 797 1343 862 indicia
1366 799 1509 863 continet
1531 798 1695 884 scriptoris
1717 799 1877 884 aequalis,
1900 805 1937 862 ut
1965 799 2024 864 sub

369 901 525 966 Severino
548 901 662 966 relatio
686 901 727 966 dc
744 901 849 967 Isacio
874 902 1015 967 exarcho
1039 901 1086 987 (p.
1108 901 1180 988 175)
1203 903 1272 967 iure
1295 901 1428 967 laudata
1450 902 1672 968 aDuehesnio
1696 900 1743 989 (p.
1760 904 1846 984 329).
1885 901 2023 968 Addita-

368 1010 550 1070 mentorum
582 1006 742 1071 rationem
777 1013 1028 1071 consentaneum
1063 1012 1114 1070 est
1147 1005 1309 1070 diversam
1342 1026 1429 1080 esse;
1461 1007 1621 1072 invenitur
1655 1007 1798 1092 exempli
1833 1027 1931 1071 causa
1966 1008 2024 1073 sub

370 1108 482 1174 Leone
499 1108 533 1173 II
556 1111 677 1184 mentio
700 1109 815 1195 synodi
837 1115 950 1174 sextae
973 1129 1075 1192 nuper
1102 1111 1138 1174 io
1164 1111 1252 1192 repro
1279 1110 1356 1176 arba
1377 1109 1546 1176 macae
1570 1109 1615 1198 (p.
1636 1111 1759 1194 200,s),
1787 1110 1828 1176 de
1855 1132 2025 1198 quequae

367 1213 550 1278 referuntur
572 1213 709 1280 totidem
732 1214 840 1279 verbis
864 1213 1026 1300 descripta
1048 1219 1121 1278 sunt
1145 1233 1187 1278 ex
1210 1213 1350 1300 epistula
1368 1215 1511 1300 episcopi
1534 1215 1603 1280 eius
1626 1235 1710 1301 quae
1735 1221 1841 1288 entat;
1863 1215 1942 1280 item
1965 1217 2024 1282 sub

369 1315 502 1382 Oenone
527 1316 718 1403 (p.208,1a)
743 1323 854 1383 auctor
876 1318 1022 1382 meminit
1043 1316 1144 1402 legati
1165 1317 1307 1382 modum
1322 1317 1489 1398 peraobrti.

473 1437 526 1502 Ad
549 1459 731 1503 sermonem
755 1437 893 1526 denique
911 1438 999 1525 quod
1013 1438 1138 1519 attinet,
1162 1438 1216 1524 qui
1230 1437 1300 1502 lieri
1315 1439 1467 1524 potuerit,
1483 1445 1519 1502 ut
1542 1437 1583 1502 sd
1600 1458 1717 1503 aarum
1733 1437 2025 1504 Theodericianum

367 1541 557 1623 referretur,
580 1541 658 1605 mihi
685 1562 751 1605 non
776 1541 888 1628 liquet.
933 1541 1040 1606 Etiam
1072 1541 1175 1608 minus
1203 1542 1410 1626 intellegitur,
1441 1543 1467 1606 si
1497 1543 1585 1627 prior
1617 1562 1691 1628 pars
1726 1543 1867 1629 corporis
1896 1543 2026 1608 saeculo

367 1645 436 1709 fere
459 1665 523 1710 uno
547 1650 581 1708 et
602 1644 734 1710 dimidio
764 1646 883 1731 scripta
909 1651 959 1710 est
987 1651 1063 1712 ante
1091 1645 1321 1732 posteriorem,
1358 1644 1443 1730 quod
1472 1665 1532 1732 per
1555 1651 1659 1710 totum
1690 1667 1805 1733 corpus
1834 1665 2027 1712 sermonen

368 1748 471 1812 solum
494 1747 651 1813 barbarus
674 1755 734 1832 est,
759 1749 818 1814 sad
840 1750 1056 1835 aequabiliter
1077 1749 1234 1814 barbarus
1256 1748 1371 1813 iisdem
1401 1749 1616 1814 locutionibus
1639 1751 1825 1834 vulgaribus
1850 1757 1884 1816 et
1905 1751 2027 1816 vitiosis

368 1854 487 1940 passim
515 1851 734 1918 redeuntibus.
781 1853 1039 1918 Theodericiana
1066 1858 1158 1919 aetas
1181 1873 1385 1938 nequaquam
1416 1857 1506 1918 tanta
1534 1853 1660 1919 inscitia
1682 1855 1756 1936 fuit,
1786 1859 1938 1942 quantam
1968 1874 2028 1939 per

369 1957 506 2022 cuiusvis
529 1957 669 2043 paginae
692 1958 983 2022 constantissimam
1008 1957 1176 2023 infantiam
1199 1956 1251 2022 hie
1277 1956 1361 2022 liber
1389 1955 1506 2044 prodit.
1551 1955 1602 2022 Eo
1632 1963 1779 2044 tempore
1807 1959 1915 2045 scripti
1942 1958 2027 2038 libri,

369 2067 405 2125 ut
428 2059 612 2125 Cassiodori
640 2061 749 2126 variae
777 2065 812 2126 et
838 2061 922 2126 liber
956 2061 1148 2147 episcopalis
1171 2059 1453 2146 Symmachianus,
1483 2066 1552 2126 toto
1582 2062 1673 2125 caclo
1703 2060 1863 2127 differunt.
1913 2059 2027 2147 Neque

369 2165 565 2229 Pontificalis
588 2165 724 2251 scriptus
748 2171 799 2230 est
820 2171 856 2228 ut
870 2163 1056 2230 Iordaniani
1079 2165 1111 2228 in
1127 2162 1247 2250 Illyrici
1269 2163 1398 2245 abditis,
1422 2163 1481 2228 sed
1503 2166 1631 2230 omnino
1655 2166 1688 2230 in
1707 2164 1803 2229 Italia
1825 2163 1866 2228 ab
1887 2163 2029 2243 homine,

370 2268 424 2353 qni
440 2268 582 2353 aliquem
597 2268 638 2332 -in
661 2269 747 2333 claro
770 2269 877 2334 locum
901 2274 1031 2334 teneret
1047 2274 1081 2333 et
1102 2289 1231 2332 suarum
1247 2269 1362 2333 virium
1385 2267 1502 2332 fiducia
1517 2289 1670 2354 magnum
1693 2289 1773 2354 opus
1789 2289 1853 2334 non
1868 2265 2028 2353 aggrede-

369 2377 459 2435 retur
486 2371 604 2452 solum,
634 2371 693 2436 sed
724 2372 821 2437 etiam
846 2372 1035 2459 aequalibus
1065 2371 1229 2458 probaret.
1277 2370 1382 2452 Unus,
1411 2391 1507 2457 quem
1536 2393 1579 2436 ex
1605 2393 1714 2438 rerum
1742 2379 1905 2458 gastamm
1928 2371 2027 2456 scrip·

371 2475 494 2540 toribus
517 2497 589 2540 cum
612 2476 674 2542 hoc
697 2477 826 2542 homine
849 2483 937 2544 recte
961 2497 1140 2564 compares,
1165 2477 1192 2541 is
1215 2481 1265 2540 est
1288 2477 1342 2562 qui
1364 2479 1494 2543 saeculo
1511 2477 1577 2543 VII
1601 2477 1708 2544 medio
1732 2476 1882 2542 chronica
1903 2473 2030 2560 scripsit

373 2599 457 2666 quae
482 2577 630 2645 dicuntur
651 2581 904 2666 Fredegariana.

477 2700 593 2786 ltaque
617 2707 653 2765 ut
676 2701 918 2784 concludamus,
943 2701 984 2767 de
1006 2703 1144 2767 vitarum
1168 2701 1311 2787 corporis
1338 2707 1448 2767 aetate
1467 2701 1586 2768 erravit
1600 2700 1814 2782 Duehesnius,
1837 2706 1925 2766 reete
1947 2699 2029 2765 iudi-

373 2805 459 2869 cavit
481 2804 652 2868 Waitzius.
697 2804 935 2871 Recensionem
970 2807 1068 2871 etiam
1100 2806 1239 2892 priorem
1272 2803 1432 2890 Gregorio
1470 2805 1573 2891 primo
1608 2806 1823 2891 posteriorem
1852 2823 1923 2868 esse
1952 2803 2030 2868 milri

372 2907 500 2973 ridetur
535 2913 628 2972 extra
668 2907 801 2973 dubium
836 2930 923 2986 esse;
959 2909 1102 2974 secunda
1134 2910 1276 2974 anterior
1309 2915 1358 2972 est
1390 2907 1505 2994 Sergio
1528 2907 1554 2973 I.
1611 2906 1903 2994 Comprehenditur
1933 2907 2031 2992 igitur

373 3013 539 3097 utriusque
561 3012 758 3078 recensionis
775 3015 865 3099 origo
889 3013 1005 3078 linibus
1022 3014 1142 3080 saeculi
1165 3013 1305 3100 septimi,
1330 3033 1389 3099 per
1406 3011 1493 3100 quod
1512 3013 1680 3100 probabile
1697 3018 1747 3078 est
1762 3033 1877 3099 corpus
1893 3013 2030 3078 vitarum

373 3137 432 3203 per
454 3115 625 3180 intervalla
648 3117 798 3183 oravisse.
836 3116 1057 3182 Ecclesiastici
1080 3117 1208 3204 spiritus
1232 3123 1266 3182 et
1287 3116 1395 3182 studia
1418 3117 1575 3182 ecclesiae
1597 3117 1767 3182 Romanae
1790 3122 1827 3180 ut
1847 3116 2030 3180 universum

373 3240 489 3306 corpus
505 3226 633 3304 regunt,
656 3219 702 3284 ita
718 3241 756 3284 eo
774 3221 903 3286 nomina
920 3227 1057 3307 utraque
1073 3221 1218 3286 recensio
1242 3221 1388 3307 pariliter
1411 3221 1481 3286 fere
1497 3219 1655 3307 procedit,
1679 3240 1873 3307 quamquam
1889 3216 2032 3283 secunda

373 3324 426 3390 hic
447 3324 514 3388 illio
537 3344 588 3388 res
611 3323 778 3409 ampliavit
801 3329 835 3388 et
863 3324 1060 3404 emendarit,
1089 3330 1126 3389 nt
1153 3345 1184 3410 p.
1202 3326 1253 3404 39,
1270 3349 1294 3388 rr
1317 3324 1434 3389 Gaium
1463 3326 1650 3412 episcopum
1673 3345 1715 3390 ex
1739 3324 1923 3389 confessore
1945 3342 2031 3386 mar-

374 3437 479 3514 tyrem
509 3427 602 3502 fecit,
636 3449 667 3513 p.
693 3431 772 3510 aaa
807 3427 937 3492 crudele
972 3428 1131 3514 pontilicis
1166 3427 1333 3492 decretum
1368 3434 1481 3494 contra
1515 3426 1633 3493 tradita
1668 3428 1792 3514 aptavit
1825 3425 1868 3491 ad
1901 3432 2032 3490 sanotae

375 3531 460 3596 sedis
490 3530 725 3596 humanitatem
751 3531 888 3596 solitam.
934 3531 1071 3596 Gravius
1099 3537 1149 3596 est
1181 3531 1267 3618 quod
1298 3533 1330 3596 in
1353 3532 1419 3598 vita
1443 3531 1590 3598 Silvestri
1615 3552 1646 3617 p.
1664 3535 1715 3615 52,
1730 3557 1752 3614 a,
1784 3530 1839 3596 ubi
1861 3531 1969 3615 agitur
1991 3527 2032 3594 de

376 3633 598 3700 sacerdotibus
627 3635 801 3721 eligendis,
835 3636 922 3722 prior
948 3637 1100 3722 requirit,
1135 3641 1172 3700 ut
1200 3656 1306 3723 neque
1338 3637 1473 3702 clericus
1502 3637 1670 3722 quisquam
1701 3634 1899 3700 contradicat
1925 3653 2032 3719 neque

375 3739 497 3819 fidelis,
526 3740 628 3803 altera
656 3738 787 3804 fidelem
817 3739 953 3804 sustulit.
998 3740 1037 3804 In
1062 3741 1247 3806 universum
1278 3745 1387 3806 autem
1416 3760 1488 3806 eum
1517 3738 1663 3805 recensio
1693 3737 1848 3820 secunda,
1879 3741 2033 3823 quantum

375 3842 469 3907 nobis
493 3840 603 3907 datum
633 3849 682 3908 est
705 3863 894 3929 comparare
917 3849 1105 3930 utramque,
1133 3843 1263 3908 nonsit
1294 3844 1356 3909 nisi
1384 3845 1471 3930 prior
1492 3843 1612 3929 passim
1640 3839 1863 3927 pessumdata,
1895 3839 2032 3905 sortasse

376 3968 441 4012 non
469 3946 704 4032 separabantur
730 3967 849 4032 magno
878 3949 1033 4034 temporis
1064 3948 1245 4013 intervallo.
1299 3947 1460 4035 Equidem
1493 3949 1635 4033 priorem
1667 3945 1890 4010 recensionem
1923 3945 2033 4030 primis

378 4052 499 4116 sacculi
514 4051 643 4137 septimi
666 4050 829 4116 decenniis
852 4052 1029 4134 tribuerim,
1052 4053 1266 4139 posteriorem
1283 4052 1476 4117 crediderim
1501 4055 1651 4136 coeptam
1673 4069 1745 4112 asse
1762 4049 1892 4114 saeculo
1916 4048 2032 4113 eodem

378 4153 497 4220 medio.
543 4152 658 4218 Donec
680 4153 884 4219 invenientur
906 4157 1061 4239 certiora,
1084 4157 1117 4222 in
1140 4156 1191 4221 his
1213 4156 1468 4242 adquiescamus.

873 4924 1106 5021 CAPVT
1147 4923 1536 5018 SECVNDVM.

842 5135 966 5203 emar
988 5133 1299 5201 eonnmroams
1322 5133 1576 5202 osannam.

486 5274 611 5348 Quibus
641 5276 741 5361 copiis
769 5277 941 5340 instructus
963 5279 1075 5338 auctor
1097 5272 1272 5337 accesserit
1298 5270 1340 5335 ad
1363 5277 1458 5358 gesta
1481 5272 1670 5358 pontificum
1697 5273 1919 5338 Romanorum
1943 5293 2036 5338 enar-

302 5375 305 5380 ’
382 5379 483 5445 rande
506 5381 675 5465 quaerenti
691 5379 999 5444 Pseudo-Damasus
1022 5375 1198 5462 respondet
1220 5377 1303 5440 haec
1324 5377 1507 5464 repperisse
1530 5397 1566 5440 se
1589 5397 1667 5440 saco
1688 5377 1772 5442 sadis
1792 5377 1908 5454 studio,
1931 5377 1965 5441 id
1988 5383 2037 5440 est

384 5485 446 5550 sibi
480 5485 542 5570 ipsi
576 5485 733 5549 ecclcsiae
762 5479 930 5547 Romanae
965 5483 1117 5567 episcopo
1152 5481 1267 5545 scrinia
1296 5482 1364 5545 eius
1393 5481 1552 5567 patuisse,
1586 5485 1758 5567 praeterea
1792 5488 1939 5546 auctores
1972 5501 2038 5544 non

385 5588 560 5672 adlegans3
584 5569 708 5653 scilieet
728 5587 781 5652 hic
804 5607 932 5672 quoque
955 5585 1062 5650 Roma
1087 5586 1197 5650 locuta
1219 5591 1277 5650 est.
1322 5584 1391 5650 Nos
1413 5586 1478 5650 iam
1499 5584 1712 5650 indicabimus
1735 5583 1877 5669 corporis
1898 5583 2037 5647 vitarum

386 5694 567 5776 elementa,
589 5690 624 5755 id
648 5697 698 5755 eet
727 5690 804 5777 quid
834 5691 957 5755 auctori
980 5689 1049 5754 eius
1072 5688 1114 5753 ad
1144 5710 1258 5756 manus
1280 5689 1379 5755 fuisse
1402 5689 1551 5755 rideatur
1578 5687 1622 5753 ad
1649 5687 1767 5752 librum
1789 5685 2037 5772 compilandum,
