4544 6428
396 447 458 506 250

684 613 908 670 malornm

438 739 580 784 xxxvnn.
603 717 766 800 Dausara,
796 722 927 786 notione
950 722 1130 809 Hispanus,
1155 742 1197 786 ex

395 829 489 908 patra
514 822 672 904 Antonio,
697 824 782 889 sedit
803 848 875 890 nnn.
893 827 1008 892 XVIII
1030 847 1131 892 mens.
1147 825 1197 891 Ill

394 926 465 990 dies
488 925 547 991 XI.
594 927 670 992 Fuit
693 931 892 1015 temporibus
916 931 1041 996 Iuliani.

394 1375 488 1440 Fecit
515 1377 664 1441 basilicas
687 1375 737 1457 II,
766 1396 830 1439 una
862 1375 903 1439 od
936 1377 988 1440 via
1017 1375 1195 1456 Ardiatina,

394 1480 448 1543 ubi
472 1481 653 1566 requiescit.

393 1599 456 1662 Hic
494 1607 664 1666 accusatur
700 1601 732 1664 in
772 1602 904 1665 crimine
943 1601 983 1665 de
1021 1601 1196 1668 adulterio:

396 1703 482 1767 lacto
510 1705 623 1770 sinodo
654 1705 839 1791 purificatur
866 1728 886 1768 a
908 1705 1040 1770 XLIIII
1069 1706 1194 1791 episco-

392 1809 461 1893 pis;
486 1807 722 1873 damnaverunt
739 1809 919 1873 Concordio
938 1817 971 1874 et
987 1809 1109 1872 Oelisto
1126 1808 1193 1872 dia·

394 1931 493 1978 conos
522 1919 727 1982 accusatores
765 1921 797 1976 et
834 1915 1035 1978 iactaverunt
1069 1913 1109 1977 de
1143 1935 1194 1976 ec-

395 2017 504 2082 clesia.
549 2015 612 2081 llio
636 2019 713 2082 fecit
736 2017 998 2082 ordinationesV

391 2126 451 2221 per
473 2157 574 2202 mens.
598 2137 769 2219 Decemb.,

391 2259 499 2343 presb.
517 2258 643 2342 XXXI,
667 2259 751 2324 diac.
768 2259 828 2340 XI,
853 2260 1023 2345 episcopos
1042 2280 1102 2346 per
1123 2260 1196 2323 loca

390 2361 479 2426 LXI.

392 2481 546 2568 Sepultus
570 2491 619 2550 est

390 2717 422 2786 in
445 2723 578 2788 basilica
601 2747 659 2790 sua
682 2725 733 2791 Ill
755 2726 800 2790 id.
825 2727 980 2790 Decemb.

392 2865 466 2908 cum
489 2851 592 2910 matre
616 2868 674 2911 sua
697 2853 731 2911 et
753 2867 919 2932 germana.

392 2963 540 3031 (lassavit
563 2969 769 3055 episcopatus
793 2969 862 3033 dies
885 2965 1042 3031 XXXVI.

440 3176 489 3220 xu.
513 3155 652 3238 SrnrcVS,
677 3159 808 3228 natione
832 3159 1013 3240 Romanus,
1039 3179 1081 3221 ex
1104 3164 1196 3244 patre

397 3258 554 3342 Tiburtio,
578 3260 662 3325 sedit
684 3283 736 3328 an.
751 3263 815 3330 XV

392 3379 466 3450 ,dies
488 3379 594 3446 XXV.

396 3499 459 3563 llic
482 3502 687 3566 constitutum
711 3501 788 3566 fecit
811 3503 852 3568 de
877 3505 1015 3570 ecclesia
1032 3511 1064 3568 ct
1080 3505 1198 3568 direxit

396 3625 456 3690 per
477 3607 666 3690 provincias.
722 3604 911 3688 Constituit,
934 3614 969 3671 ut
992 3611 1059 3673 sine
1084 3630 1194 3673 consc-

397 3715 485 3772 crato
510 3710 652 3795 episcopi
675 3709 737 3773 looi
759 3713 929 3776 cuiuslibet
951 3714 1111 3798 presbiter
1133 3733 1196 3776 non

396 3813 500 3876 licerit
529 3814 720 3878 consecrari.
772 3814 836 3880 Hic
867 3818 1030 3882 constituit
1051 3819 1195 3884 heretico

397 3917 455 3980 sub
486 3938 598 3981 manus
632 3917 824 4004 inpositione
854 3923 1074 3990 reconciliare.
1133 3923 1196 3987 Hic

396 4021 473 4084 fecit
503 4020 721 4085 ordinationes
745 4021 784 4102 V,
816 4025 924 4110 presb.
948 4025 1079 4105 XXXI,
1114 4026 1195 4092 diac.

396 4123 487 4207 XVI,
513 4127 682 4212 episcopos
710 4147 770 4212 per
791 4128 863 4192 loca
886 4127 1028 4195 XXXII.
1079 4131 1193 4216 Sepul-

395 4233 447 4291 tus
470 4235 519 4294 est
540 4230 573 4293 in
597 4231 753 4316 cymitirio
775 4231 932 4314 Priscilla,

395 4349 448 4413 via
470 4347 604 4433 Solaria,

394 4468 479 4534 VIII
505 4471 548 4535 kl.
571 4471 665 4536 Mart.
717 4472 865 4538 Cessavit
893 4475 1099 4562 episcopatus
1126 4477 1195 4542 dies

394 4573 470 4638 XX.
1015 4631 1016 4634 η

442 4767 501 4810 xor.
528 4745 737 4832 Annsrnsrvs,
772 4752 903 4816 natione
934 4751 1116 4832 Romanus,
1152 4776 1195 4819 ex

393 4855 486 4935 patre
511 4850 666 4936 Maximo,
690 4854 775 4918 sedit
796 4875 868 4920 ann.
886 4856 938 4920 III
962 4857 1031 4923 dies
1045 4858 1089 4925 X.
1130 4859 1194 4924 Ilio

395 4955 573 5036 constituit,
598 4956 885 5045 quotienscumque
917 4964 1088 5048 euangelia
1112 4963 1193 5028 reci-

393 5063 511 5139 tantur,
535 5059 721 5125 sacerdotes
743 5084 807 5126 non
830 5065 991 5132 rederent.

392 5592 455 5658 llic
479 5595 556 5660 lecit
585 5598 803 5665 ordinationes
826 5602 877 5683 II,
913 5607 1020 5691 presb.
1034 5604 1075 5690 V,
1111 5605 1193 5673 diac.

393 5696 433 5780 V,
451 5700 621 5786 episcopos
642 5725 701 5791 per
717 5704 790 5770 loca
805 5706 864 5771 XI.
904 5705 1056 5795 Sepultus
1079 5718 1129 5776 est
1152 5711 1193 5776 ad

1115 440 1329 496 ΕΡΙΤΟΜΛΕ

1532 611 1772 668 ΟΟΝΟΝΙΑΝΔ

1293 737 1432 783 xxxvnn.
1462 719 1625 800 Dantem,
1661 721 1792 784 natione
1828 719 1977 806 Spanus,
2021 739 2072 782 ex

1250 829 1342 906 patre
1366 823 1525 902 Antonio,
1556 822 1641 887 sedit
1663 844 1714 887 an.
1731 823 1847 888 XVIII
1874 843 1983 888 mens.
2009 821 2072 886 III

1250 923 1319 990 dies
1342 927 1401 992 XI.
1456 925 1531 990 Fuit
1560 931 1670 990 autem
1700 927 1899 1014 temporibus
1922 927 2069 990 Iuliani.

1250 1045 1312 1111 Hic
1345 1046 1507 1112 dedicavit
1540 1047 1719 1132 platomum
1757 1048 1790 1110 in
1828 1046 2068 1128 Cototumbas,

1249 1151 1305 1216 ubi
1343 1173 1478 1239 corpora
1512 1151 1601 1215 Petri
1634 1157 1668 1214 et
1702 1151 1794 1216 Pauli
1827 1153 2067 1236 apostolorum

1250 1255 1426 1335 iacuerunt,
1450 1275 1546 1341 quam
1571 1261 1604 1319 et
1627 1255 1773 1320 versibus
1797 1257 1932 1321 ornarit.

1252 1597 1313 1662 llic
1336 1598 1522 1663 criminatur
1538 1599 1579 1662 de
1596 1599 1757 1664 adulterio
1774 1607 1807 1664 et
1823 1601 1907 1666 lacto
1927 1605 2069 1690 synodo

1251 1707 1407 1786 purgatur
1440 1724 1459 1766 a
1496 1703 1628 1768 XVIIII
1663 1705 1838 1791 episcopis,
1867 1708 1920 1792 qui
1955 1709 2069 1773 etiam

1250 1803 1486 1870 damnaverunt
1502 1805 1717 1871 Concordiam
1741 1815 1775 1872 et
1798 1808 1960 1875 Collatum
1986 1813 2068 1877 dia-

1250 1930 1348 1974 conus
1384 1916 1589 1974 accusatores
1623 1919 1656 1974 ct
1690 1912 1889 1976 iactaverunt
1920 1913 1965 1977 de
2003 1935 2067 1980 ec-

1249 2015 1339 2078 lesia.
1385 2012 1448 2077 Hic
1470 2015 1548 2078 fecit
1570 2015 1789 2080 ordinationes
1812 2016 1852 2098 V,

1248 2255 1354 2341 presb.
1373 2253 1499 2337 XXXI,
1524 2255 1605 2322 diac.
1620 2256 1679 2338 XI,
1703 2259 1872 2344 episcopos
1897 2257 1990 2324 XLI.

1249 2479 1312 2554 Qui
1335 2481 1432 2544 ctiam
1457 2481 1603 2567 sepultus
1627 2487 1676 2546 est
1792 2545 1795 2548 .

1248 2601 1301 2664 via
1323 2599 1479 2683 Ardiana,

1249 2723 1279 2784 in
1297 2722 1440 2804 basilica,
1457 2743 1553 2809 quam
1574 2725 1644 2810 ipse
1661 2724 1746 2807 lecit,
1764 2724 1815 2790 III
1830 2725 1873 2791 id.
1889 2725 2062 2796 Decemb.

1250 2963 1398 3029 (lassarit
1420 2965 1625 3052 episcopatus
1651 2964 1720 3031 dies
1743 2967 1867 3034 XXVI.

1294 3175 1342 3219 nr..
1367 3154 1508 3238 Srnrcvs,
1531 3157 1662 3220 natione
1685 3157 1866 3242 Romanus,
1891 3182 1933 3224 ex
1956 3173 2059 3249 patre

1251 3257 1408 3342 Tiburtio,
1432 3259 1516 3323 sedit
1538 3280 1589 3324 an.
1605 3260 1679 3328 XV.

1250 3499 1313 3564 Hic
1329 3501 1534 3567 constitutum
1551 3503 1628 3568 fecit
1651 3502 1692 3566 de
1717 3504 1854 3569 ecclesia
1877 3515 1910 3571 et
1933 3508 2059 3577 direxit

1250 3625 1308 3688 per
1324 3606 1513 3691 provincias.
1550 3607 1593 3670 Et
1609 3609 1781 3686 constituit,
1796 3617 1832 3673 ut
1852 3612 1920 3676 sine
1937 3635 2057 3680 conse-

1250 3715 1373 3772 cratum
1402 3711 1546 3796 episcopi
1572 3710 1644 3775 loco
1672 3713 1842 3778 cuiuslibet
1870 3716 2056 3801 presbitero

1249 3833 1313 3875 non
1325 3814 1438 3877 liceret
1450 3835 1649 3879 consecrare.
1679 3816 1742 3881 Hic
1753 3819 1917 3885 constituit
1928 3822 2054 3889 hereti-

1249 3938 1322 3980 cum
1338 3918 1397 3982 sub
1414 3939 1510 3981 manu
1530 3918 1724 4005 inpositione
1741 3925 1948 3990 reconciliari.
1987 3929 2055 3995 Hic

1249 4019 1326 4084 lecit
1358 4021 1575 4085 ordinationes
1598 4022 1639 4105 V,
1677 4025 1785 4108 presb.
1807 4027 1938 4112 XXXI,
1969 4031 2054 4099 diac.

1249 4122 1339 4205 XVI,
1364 4125 1534 4212 episcopos
1550 4125 1695 4193 XXXII.
1734 4129 1797 4204 Qui
1820 4133 1917 4196 etiam
1940 4137 2052 4220 sepul-

1249 4233 1299 4291 tus
1323 4229 1427 4292 estin
1450 4229 1607 4294 cimiterio
1630 4231 1776 4298 Priscilla

1247 4469 1330 4533 VIII
1345 4469 1377 4534 k.
1394 4469 1490 4538 Mart.
1535 4471 1579 4536 nt
1594 4476 1733 4539 cessarit
1754 4477 1958 4565 episcopatus
1980 4479 2053 4545 dies

1247 4572 1322 4637 XX.

1289 4765 1349 4811 xor.
1373 4745 1577 4832 AunsrnsrvS,
1601 4751 1731 4816 natione
1754 4752 1930 4838 Romanus,
1955 4764 2049 4842 patre

1246 4848 1390 4914 Maximo
1424 4851 1509 4916 aedil
1544 4873 1594 4916 an.
1611 4855 1662 4918 Ill
1694 4855 1763 4921 dies
1786 4859 1927 4925 XXVII.
1985 4861 2051 4928 Hic

1247 4955 1424 5035 constituit,
1463 4962 1511 5038 ut,
1547 4978 1619 5021 cum
1654 4962 1826 5046 euangelia
1862 4965 2049 5048 recitantur,

1247 5057 1434 5123 sacerdotes
1456 5081 1520 5125 non
1544 5062 1720 5147 sederent,

1247 5177 1306 5243 sed
1336 5181 1424 5245 curri
1451 5187 1590 5258 starent;
1614 5191 1648 5248 at
1671 5187 1843 5270 constituit,
1867 5193 1903 5252 ut
1925 5190 2048 5256 nullum

1247 5282 1399 5347 clericum
1423 5289 1670 5352 transmarinum
1694 5291 1822 5377 suscipi,
1845 5293 1906 5357 nisi
1930 5293 1961 5357 V
1978 5296 2049 5380 epi-

1247 5407 1417 5472 scoporum
1442 5387 1629 5476 designaret
1652 5393 1889 5480 cirographum,
1913 5405 2050 5485 propter

1247 5489 1446 5560 Manicheos.

1247 5610 1310 5676 Hic
1348 5615 1425 5678 fecit
1462 5615 1680 5683 ordinationes
1710 5619 1760 5703 II,
1801 5624 1909 5707 presb.
1937 5624 2049 5709 VIIH,

1248 5713 1329 5782 diac.
1345 5715 1386 5798 V,
1411 5717 1581 5804 episcopos
1597 5721 1657 5786 XI.
1704 5724 1921 5814 Sepultusquc
1939 5735 1989 5793 est
2005 5730 2049 5795 ad
