4612 6436
893 367 1181 426 Puonnuonnun.
1804 371 1879 427 CXV

224 541 321 608 modo
345 540 570 608 adnotavimus
593 547 627 607 et
648 540 682 608 iu
703 541 888 608 universum
904 542 1098 610 crediderim
1120 543 1215 630 plura
1235 543 1268 609 in
1286 543 1454 609 breviariis
1477 544 1596 610 omissa
1620 563 1692 610 esse
1716 564 1814 631 quam
1837 542 1878 608 ab

226 645 350 712 editore
384 645 527 712 secundo
560 644 696 714 adiecta.
756 644 854 712 06111
879 647 1137 734 interpolationis
1169 648 1307 734 suspicio
1335 647 1368 712 in
1397 648 1487 713 locos
1516 648 1597 714 duos
1626 669 1661 714 re
1695 649 1881 715 coniunctos

226 757 403 818 tractantes
427 751 468 817 de
491 749 729 816 successoribus
743 750 836 818 Petri
858 751 981 818 haustis
1004 773 1048 818 ex
1069 751 1344 839 recognitionibus
1366 752 1694 839 pseudoclementinis
1717 756 1748 835 3,
1765 756 1882 834 s-t‚s

228 863 261 922 et
285 861 313 940 7,
329 881 429 940 6-6,
460 855 612 941 quoniam
634 855 778 920 neutrius
800 856 834 922 iu
857 857 1006 942 epitomis
1027 857 1129 922 ullum
1151 857 1324 943 vestigium
1348 857 1504 941 seruitum,
1535 879 1731 947 quamquam
1753 861 1881 943 patrem

228 962 407 1029 Clementis
428 961 531 1026 habet
556 961 621 1026 iem
647 961 793 1026 recensio
815 961 904 1049 prior
932 981 975 1026 ex
996 961 1112 1028 iisdem
1135 962 1408 1048 recognitionibus
1430 971 1602 1049 sumptum.
1648 959 1884 1028 Additamento

229 1067 294 1132 alia
321 1065 518 1132 recensionis
544 1062 706 1130 secundae
729 1064 880 1131 videntum
909 1085 995 1148 esse,
1018 1065 1107 1153 quod
1130 1064 1231 1131 Gaius
1254 1068 1306 1150 39,
1322 1091 1347 1132 ιτ
1369 1066 1402 1132 16
1425 1065 1567 1132 editione
1589 1067 1697 1153 priore
1720 1064 1885 1130 confessor

229 1171 365 1236 effectum
394 1174 444 1236 est
475 1170 508 1234 in
538 1167 681 1235 secunde
708 1174 832 1256 martyr
839 1193 847 1246 ;
874 1171 953 1237 item
981 1171 1015 1238 in
1037 1170 1192 1237 Marcello
1217 1191 1300 1258 quse
1322 1176 1493 1236 sumantur
1517 1171 1558 1236 de
1582 1171 1651 1235 eius
1674 1169 1883 1234 destitutione

229 1279 282 1360 43,
299 1279 421 1354 6-44,
440 1299 473 1338 6.
490 1299 526 1357 rr,
548 1279 585 1338 ut
606 1279 696 1338 recte
719 1274 906 1341 observavit
929 1274 1150 1352 Duchesnius;
1179 1276 1212 1340 in
1234 1276 1347 1341 Leone
1369 1275 1387 1340 I
1414 1281 1490 1362 post
1517 1279 1787 1340 commemoratus
1816 1272 1884 1358 epi-

229 1380 329 1444 stulas
358 1379 427 1443 eius
459 1398 543 1464 quae
576 1379 721 1464 sequitur
745 1383 816 1461 104,
833 1405 856 1445 n
885 1379 937 1444 116
965 1379 1106 1460 11666611
1127 1401 1196 1466 666.
1226 1380 1427 1447 enumeratio
1460 1400 1572 1446 eemm
1605 1385 1719 1467 aperte
1759 1376 1887 1442 adiecta

230 1483 375 1549 adhibito
404 1483 567 1548 volumine
600 1482 709 1570 aliquo
744 1483 814 1548 eius
849 1503 999 1570 operum;
1029 1484 1063 1548 in
1092 1483 1269 1550 Hormisda
1299 1503 1382 1571 quae
1413 1485 1565 1569 legsmtur
1593 1504 1626 1569 p.
1647 1485 1717 1566 130,
1732 1507 1814 1547 4-10
1835 1479 1887 1544 116

224 1609 316 1671 pepe
330 1587 507 1653 Hmrnisdc
531 1637 538 1652 .
556 1635 585 1653 ..
608 1585 655 1651 661
670 1607 774 1652 ornnes
787 1587 917 1666 1666666,
934 1589 1076 1674 epitome
1092 1589 1178 1653 male
1201 1588 1289 1654 facta
1303 1589 1495 1676 narrationis
1518 1589 1587 1653 eius
1610 1607 1694 1674 quas
1717 1583 1886 1673 praecedit

230 1695 386 1780 incipiens
415 1713 436 1757 a
464 1691 575 1778 primis
604 1691 673 1756 eius
697 1691 805 1756 verbis
827 1714 859 1779 p.
880 1696 951 1775 126,
964 1717 988 1758 rs
1010 1713 1051 1757 eo
1074 1692 1146 1758 loco
1168 1693 1202 1758 in
1224 1692 1367 1759 secunde
1390 1692 1533 1758 editione
1555 1692 1642 1757 male
1665 1690 1807 1773 omissis,
1830 1686 1889 1753 sed

231 1798 367 1864 servatis
393 1796 427 1862 in
457 1795 620 1883 epitomis3
649 1795 682 1860 in
713 1793 829 1860 eedem
860 1795 927 1861 vita
953 1799 1023 1877 130,
1040 1820 1066 1860 aa
1086 1797 1228 1862 narratio
1257 1794 1299 1860 de
1329 1815 1409 1883 rege
1432 1796 1631 1862 Francorum
1661 1795 1729 1859 sine
1759 1793 1889 1859 nomine

232 1903 336 1969 relata
356 1902 391 1966 in
413 1900 571 1987 epitoma,
598 1901 633 1964 in
664 1900 854 1965 recensione
882 1901 981 1987 plena
1003 1901 1107 1966 relata
1137 1899 1180 1965 ad
1203 1899 1426 1967 Oblcdoveum
1455 1905 1567 1966 666166
1589 1920 1697 1965 renim
1719 1897 1891 1964 veritatem

233 2005 288 2093 (cf.
305 2004 434 2071 Krusch
456 2005 564 2091 script
586 2002 711 2068 Meros.
735 2004 836 2068 vol.3
858 2026 890 2091 p.
908 2002 997 2091 242).

337 2108 430 2185 Quae
453 2108 571 2174 adsunt
591 2108 625 2173 in
649 2107 811 2194 epitomis,
836 2107 955 2174 absunt
986 2130 1007 2174 a
1029 2110 1218 2175 recensione
1240 2108 1357 2195 plena,
1380 2109 1476 2196 primi
1503 2108 1643 2174 auctoris
1670 2111 1744 2172 sunt
1766 2109 1892 2170 resecta

234 2237 254 2280 a
277 2214 490 2280 diasceuasta.
534 2212 586 2277 lu
610 2212 644 2276 in
669 2212 748 2298 ipsis
776 2212 922 2298 epistulis
949 2214 1156 2299 praetatoriis
1182 2212 1271 2300 quod
1300 2213 1400 2300 priori
1422 2213 1638 2300 subscriptum
1662 2217 1712 2277 est
1738 2215 1793 2294 t,s
1814 2209 1892 2274 1616

242 2318 597 2400 171.Μ61.;6666616
625 2314 745 2380 Romae
772 2321 863 2381 recte
892 2317 1071 2404 respondet
1101 2317 1329 2404 subscriptioni
1351 2318 1554 2405 posterioris:
1587 2317 1666 2382 duta
1689 2315 1727 2380 X
1746 2314 1775 2380 1.
1798 2312 1894 2390 Iun.,·

234 2427 362 2504 6666616
383 2420 431 2484 VI
452 2419 576 2500 16061,
599 2440 735 2506 quarum
757 2426 869 2486 tamen
892 2421 1164 2509 subscriptionum
1188 2423 1332 2488 secunda
1348 2422 1447 2488 editio
1469 2422 1683 2510 posteriorem
1706 2420 1809 2484 solam
1832 2415 1891 2482 ad-

236 2528 337 2610 misit,
366 2525 409 2591 ad
437 2527 521 2592 hanc
549 2525 693 2591 adiciens
725 2529 849 2591 temere
879 2527 1011 2592 omnino
1035 2533 1069 2591 et
1092 2532 1205 2593 contre
1236 2526 1502 2593 consuetudinem
1530 2526 1713 2591 Romanam
1735 2524 1834 2588 661666
1856 2520 1895 2584 16

238 2631 342 2698 Romu
365 2628 594 2712 Hierosolyma.
646 2626 812 2716 Deinceps
841 2650 970 2718 quoque
1005 2652 1090 2718 quse
1123 2630 1248 2696 addunt
1279 2633 1442 2719 epitomae
1471 2636 1529 2697 aut
1559 2630 1643 2696 duae
1666 2629 1777 2694 autin
1799 2630 1892 2712 parte

236 2738 344 2824 priore
367 2736 575 2818 alterautra,
597 2735 644 2799 ita
666 2740 855 2820 comparata
877 2742 961 2819 sunt,
984 2741 1020 2800 ut
1044 2734 1181 2802 dubium
1205 2756 1278 2802 esse
1301 2741 1446 2824 nequest
1476 2755 1517 2800 ea
1538 2734 1643 2822 proba
1664 2751 1736 2798 esse
1760 2735 1794 2796 et
1816 2749 1895 2816 pro·

238 2841 325 2906 fecta
347 2861 367 2904 a
390 2840 493 2926 primo
516 2843 661 2905 auctore.

344 2944 451 3010 Locos
476 2943 510 3008 in
533 2941 675 3008 editione
703 2943 883 3030 posteriore
911 2944 997 3008 male
1027 2950 1210 3031 corruptos,
1244 2943 1446 3010 emendatius
1475 2947 1585 3008 autem
1614 2940 1736 3006 relatos
1764 2939 1797 3004 in
1828 2936 1897 3024 epi·

240 3057 344 3114 tomas
367 3069 489 3135 paucos
511 3047 628 3133 selegi:

439 3157 497 3236 4,6
519 3152 555 3217 16
576 3151 643 3216 6116
666 3149 757 3216 Petri
778 3152 994 3219 ordinationes
1007 3152 1082 3218 ΕΚ
1097 3153 1146 3218 116
1167 3153 1307 3218 uidimus
1327 3150 1375 3238 (p.
1391 3148 1482 3237 cxl)
1504 3148 1631 3230 referre,
1654 3152 1691 3212 ut
1707 3151 1783 3230 post
1802 3145 1899 3211 urba-

550 3275 609 3321 666
640 3255 815 3321 sacedotes
845 3258 1048 3323 nominentur
1083 3258 1229 3340 66166661,
1264 3278 1281 3321 6
1314 3257 1475 3322 contrusio
1507 3253 1544 3350 in
1579 3253 1609 3316 P
1641 3252 1677 3317 11
1705 3250 1901 3334 praecedunt

551 3365 663 3425 666166
688 3361 853 3441 scriptoris
873 3383 969 3427 66666
991 3367 1193 3427 6616166166.
1239 3359 1367 3428 Scilicet
1386 3359 1610 3442 recognitorem
1635 3356 1692 3422 166
1709 3355 1814 3438 primo
1836 3351 1900 3419 1666

551 3463 692 3529 turbavit
713 3463 927 3546 episcopcrum
949 3464 1092 3547 dipnntio
1114 3465 1226 3531 616166.

422 3573 500 3654 13,6
521 3587 624 3655 usque
648 3566 692 3632 ad
714 3566 816 3632 Orfito
840 3573 875 3633 ct
898 3567 1082 3657 Camerino]
1106 3568 1189 3652 ΓΚ,
1220 3588 1322 3654 usquc
1352 3565 1395 3631 ad
1422 3564 1525 3631 Orfito
1561 3569 1595 3630 et
1624 3563 1734 3629 Prisco
1764 3560 1902 3626 66666616

554 3671 667 3738 611666.
709 3669 858 3737 06666166
872 3671 922 3737 itti
935 3672 1019 3738 66111
1032 3680 1119 3753 sunt,
1143 3673 1267 3738 itineri
1288 3672 1410 3750 6149,
1432 3671 1488 3736 sed
1508 3667 1801 3750 1616166666666
1823 3665 1902 3747 6611,

553 3798 625 3842 cum
639 3780 715 3857 6661
746 3796 797 3841 666
823 3778 1029 3842 nominentur
1057 3777 1201 3844 66666166
1226 3797 1258 3842 6.
1274 3776 1348 3841 146.
1401 3774 1548 3856 Apparet
1574 3777 1735 3838 66616666
1756 3770 1903 3852 66661666

554 3879 694 3946 somus
719 3902 741 3945 6
771 3879 869 3961 fastis
895 3881 1031 3960 6116666,
1061 3883 1285 3965 recognitorem
1312 3880 1444 3948 nemim
1474 3879 1624 3963 66666116
1650 3897 1750 3960 neque
1774 3875 1903 3939 1666616

553 3983 634 4050 6616
655 3984 843 4050 6666616666.

425 4095 474 4172 15,
489 4115 512 4155 s.
539 4092 615 4171 16,1
637 4088 774 4169 66166661
795 4089 950 4155 Anicetus
971 4095 1001 4155 61
1024 4091 1116 4156 Soter
1137 4089 1256 4172 6666111
1277 4093 1353 4154 6661
1374 4089 1467 4152 iuxta
1494 4107 1611 4174 corpus
1637 4084 1729 4150 beati
1758 4084 1847 4150 Petri
1870 4084 1903 4148 iu

554 4192 715 4259 Vaticano
738 4193 910 4258 secundum
925 4194 1001 4278 FK,
1024 4195 1058 4259 in
1081 4195 1249 4281 cymiterio
1274 4192 1386 4258 (1611611
1409 4193 1462 4259 via
1476 4190 1587 4279 Appia
1610 4189 1783 4255 secundum
1797 4208 1902 4254 recen·

555 4297 674 4360 sierscm
690 4297 903 4380 posteriorem.
949 4297 1048 4364 Ilium
1070 4297 1303 4364 collocationem
1325 4297 1462 4363 Roscius
1485 4295 1619 4383 (Romae
1640 4299 1710 4360 6611.
1728 4298 1758 4376 2,
1774 4292 1830 4377 49)
1855 4291 1905 4356 de-

554 4401 742 4465 monstrauit
760 4402 942 4484 6611661166
961 4403 1115 4468 traditam
1131 4425 1204 4483 6666,
1222 4401 1306 4468 bunc
1320 4402 1366 4465 ud
1379 4399 1651 4482 interpolationem
1665 4398 1778 4476 redire,
1794 4416 1905 4480 66666-

556 4525 653 4586 qucm
675 4505 713 4570 de
734 4505 967 4572 immutationis
989 4527 1089 4572 66666
1106 4528 1228 4590 purum
1250 4507 1356 4588 liquet.

425 4614 505 4693 46,6
526 4609 597 4674 cide
616 4629 718 4690 supra
732 4631 769 4691 6.
790 4607 857 4676 CX.

426 4718 478 4797 48,
494 4739 520 4780 ao
542 4712 709 4780 concilium
736 4713 918 4780 Nicuenum
938 4714 1061 4796 fuctum
1082 4715 1226 4780 essesut
1259 4713 1467 4779 Corsstuntino
1498 4710 1671 4774 secundum
1697 4709 1908 4774 recessionem

552 4819 695 4900 66166666
717 4839 789 4882 cum
816 4819 885 4884 eius
908 4840 1076 4904 consensu,
1099 4819 1271 4886 secundum
1286 4818 1492 4900 posteriorem
1515 4835 1589 4879 cum
1612 4813 1681 4879 eius
1696 4817 1909 4899 praeceptum

560 4927 641 4987 certe
661 4921 800 4987 66160116
824 4929 879 4988 est.

428 5029 480 5112 92,
494 5052 518 5093 n
542 5033 715 5112 eregerunt
736 5025 899 5093 Eulslium
921 5028 978 5093 elii
1001 5030 1145 5117 episcopi
1161 5028 1195 5112 Ι,
1226 5032 1404 5113 eregerunt
1426 5023 1589 5089 Eulalium
1617 5020 1726 5086 deletis
1747 5019 1907 5100 corruptis

559 5130 611 5198 II.
633 5129 710 5206 ΙΙΙ;
741 5130 914 5217 deponitur
940 5132 1086 5198 Eulalius
1113 5154 1134 5197 a
1157 5131 1221 5196 LII
1249 5130 1439 5218 presbiteris
1455 5128 1507 5212 K,
1538 5125 1628 5191 ult.
1653 5124 1712 5190 sub
1743 5124 1815 5190 aliis
1838 5123 1908 5209 epi·

560 5233 718 5322 scopisF.
749 5233 862 5301 Veram
876 5235 1036 5302 lectionem
1060 5237 1202 5323 eregitur
1223 5235 1370 5301 Eulalius
1392 5255 1412 5298 a
1436 5232 1501 5298 LII
1523 5230 1684 5318 episcopis
1706 5213 1772 5294 nen
1793 5228 1907 5308 166661,

560 5339 616 5404 seri
636 5339 706 5404 eius
727 5340 857 5422 66611616
878 5347 1005 5406 servunt
1027 5343 1190 5424 66116666.

412 5446 480 5525 105,
498 5468 522 5507 n
543 5443 576 5506 in
598 5444 780 5529 virginitate
802 5443 863 5508 XL
886 5445 999 5534 annos]
1023 5448 1070 5511 sic
1091 5447 1136 5530 K,
1157 5447 1190 5511 16
1212 5445 1397 5531 uirginitate
1421 5439 1482 5506 LX
1505 5458 1663 5504 annorum
1687 5435 1721 5501 F
1740 5455 1812 5500 cum
1833 5434 1858 5499 I
1878 5438 1909 5498 et

561 5546 627 5613 III
645 5547 705 5631 (II
723 5548 779 5612 166
805 5547 868 5613 1666
891 5548 1029 5631 16116116
1057 5551 1127 5616 cide
1153 5549 1244 5630 infra
1263 5569 1300 5630 p.
1321 5544 1494 5624 CXVIII,
1524 5543 1580 5609 ubi
1608 5541 1745 5606 dr'eimus
1772 5537 1809 5603 de
1837 5536 1913 5604 16616

563 5653 599 5717 16
617 5652 651 5718 F
669 5652 876 5734 interpolatis.

1677 5763 1711 5834 p*
