4544 6428
406 429 468 490 230
1111 411 1332 470 ΕΡΙΤΟΜΔΕ

630 589 857 646 FELIOIANA
1542 579 1779 638 CONONIANA

388 723 450 768 xxr.
474 699 638 766 Fabianus
828 717 924 762 xumr.
946 693 1142 760 Bonelacius

377 827 452 872 xxu.
476 803 635 868 (lomilius
853 819 924 864 xuv.
948 796 1130 864 celestinus

366 930 452 974 xxru.
475 909 595 974 Lucius
842 923 924 969 xuvr.
947 901 1070 988 Xystus

358 1035 455 1081 xxnn.
478 1011 661 1100 Stephanus
830 1027 924 1072 xuvu.
947 1005 1018 1070 Leo

378 1139 451 1183 xxv.
475 1117 598 1201 Xystus
819 1131 924 1175 xuvnr.
948 1108 1092 1174 Hilarius

363 1219 634 1287 xxv1.Dionisius
809 1234 926 1279 xuvun.
950 1211 1133 1299 Simplicius

352 1345 449 1392 xxvu.
473 1323 568 1388 Felix
898 1338 924 1382 u.
947 1316 1044 1381 Felix

341 1450 449 1494 xxvm.
472 1425 658 1492 Euticianus
886 1442 925 1488 ur.
948 1420 1097 1486 Gelasius

329 1553 449 1600 xxvrnr.
474 1531 574 1595 Gaius
875 1545 923 1592 nn.
947 1522 1139 1590 Anastasius

374 1655 450 1700 xxx.
473 1632 681 1700 Marcellinus
865 1650 925 1696 aur.
949 1627 1152 1694 Simmachus

366 1759 451 1805 xxxx.
473 1737 647 1804 Marcellus
854 1753 926 1798 nuru
950 1731 1126 1796 Hormisda

354 1865 451 1910 xxxn.
474 1841 636 1907 Eusebius
879 1857 927 1902 ev.
949 1835 1101 1901 Iohannis

343 1968 453 2013 xxxm.
476 1943 655 2011 Meleiades
868 1960 929 2005 avr.
952 1939 1048 2005 Felix

333 2071 452 2118 xxxnn.
476 2049 634 2116 Silvester
854 2063 925 2109 svn.
949 2043 1144 2108 Bonclacius

354 2174 450 2219 xxxv.
473 2152 601 2218 Marcus
843 2168 924 2212 uxrn.
949 2147 1103 2213 Iohannis

343 2278 451 2322 xxxvr.
473 2257 575 2323 Iulius
832 2273 924 2318 uxum
948 2251 1096 2338 Agapius

336 2381 452 2427 xxxvu.
476 2359 626 2426 Liberius
880 2377 930 2422 ux.
953 2355 1096 2422 Silverus

323 2485 453 2531 xxxvrn.
476 2463 573 2529 Felix
870 2481 928 2526 uxr.
952 2458 1090 2545 Vigilius

310 2589 454 2636 xxxvrm.
475 2567 637 2632 Damasus
856 2585 928 2629 uxn.
950 2563 1106 2648 Pelagius

405 2693 453 2736 xa.
478 2672 609 2737 Sinicius
847 2689 929 2734 uxnr.
952 2666 1105 2731 Iohannis

394 2798 454 2843 xur.
477 2774 667 2841 Anastasius
835 2793 928 2838 uxuu.
952 2769 1149 2836 Benedictus

387 2901 458 2947 xun.
481 2877 693 2945 Innocencius
858 2897 928 2941 nxv.
951 2874 1106 2962 Pelagius

370 3006 456 3051 xuur.
479 2983 626 3048 Zosimus

1309 3104 1426 3191 Incipit
1450 3102 1529 3168 ordo
1553 3103 1778 3190 episcoporum
1803 3097 1940 3163 Romae.

457 3248 476 3294 ¹·
499 3224 626 3291 BIATVS
653 3223 788 3304 PETRI&
1312 3250 1330 3294 ι.
1354 3226 1481 3292 anrvs
1505 3224 1641 3304 Parnvs,

411 3346 644 3426 Antiocheam,

412 3468 495 3532 filius
518 3466 688 3545 Iohannis,
723 3463 907 3551 provinciae
942 3461 1117 3542 Gallileae,
1140 3459 1212 3523 vico
1267 3471 1349 3534 filius
1387 3466 1556 3548 Iohannis,
1589 3463 1774 3554 provinciae
1809 3461 1972 3538 Galilems,
2000 3463 2080 3528 vieo

412 3568 602 3651 Bethsaida,
1266 3571 1453 3652 Bethsaida,

413 3690 514 3754 frater
536 3688 690 3754 Andreae
714 3696 747 3753 et
770 3687 920 3774 princeps
943 3687 1173 3772 apostolorum,

413 3811 550 3898 primum
574 3807 660 3873 Sedit
682 3807 838 3873 cathedra
861 3809 1066 3895 episscopstllls
1088 3809 1120 3872 in
1143 3808 1212 3870 An·
1267 3816 1403 3904 primum
1428 3811 1512 3877 sedit
1535 3807 1689 3875 cathedra
1716 3807 1920 3894 episcopatus
1943 3805 1975 3868 in
2000 3803 2074 3868 An-

413 3912 534 3977 tiochia
556 3915 647 3977 annis
670 3912 711 3978 X.
1266 3918 1409 3984 thioohia
1431 3937 1482 3982 an.
1498 3912 1564 3980 VII

413 4033 477 4099 Hic
492 4034 609 4098 Petrus
623 4035 787 4120 ingressus
809 4034 842 4098 in
864 4033 944 4098 urhe
961 4032 1067 4097 Roma
1082 4029 1212 4096 Nerone
1267 4038 1385 4104 deinde
1409 4039 1441 4102 in
1464 4035 1570 4101 Roma

414 4136 557 4203 Caesare
579 4138 688 4224 ibique
718 4135 802 4203 sedit
830 4135 985 4201 cathedra
1008 4137 1213 4223 episcopatus

415 4280 487 4326 ann.
505 4259 604 4325 XXV
627 4279 726 4324 mens.
743 4257 776 4324 II
800 4256 869 4322 dics
886 4256 945 4323 III.
1266 4285 1317 4330 an,
1332 4262 1429 4330 XXV
1452 4281 1554 4329 mens.
1568 4258 1603 4323 II
1626 4258 1695 4324 dies
1710 4255 1761 4322 III
1866 4327 1869 4332 ¹

414 4377 491 4444 Fuit
513 4378 713 4465 temporibus
736 4377 858 4444 Tiberii
875 4378 1004 4444 Cesaris
1028 4383 1062 4442 ot
1084 4377 1157 4442 Gaii
1181 4384 1214 4441 et
1265 4386 1341 4454 Fuit
1374 4381 1574 4471 temporibus
1602 4377 1733 4466 Tyberii
1761 4375 1909 4442 Caesaris
1941 4380 1975 4438 et
2008 4373 2074 4440 Gai

416 4479 538 4547 Tiberii
561 4481 678 4548 Claudi
699 4488 733 4546 et
753 4481 902 4549 Neronis.
1267 4495 1301 4554 et
1324 4487 1456 4575 Tyberii
1479 4483 1595 4550 Claudi
1619 4489 1652 4548 et
1674 4481 1823 4565 Neronis,

1268 4609 1326 4675 suh
1350 4628 1414 4695 quo
1437 4613 1471 4674 et
1492 4625 1607 4693 passus
1630 4609 1692 4671 est.

416 4722 480 4787 Hic
504 4724 629 4809 scripsit
652 4723 731 4788 duas
761 4722 931 4810 epistulas,
955 4742 1017 4806 que
1042 4723 1214 4786 canonicae
1267 4729 1330 4794 Hie
1353 4727 1480 4814 scripsit
1502 4726 1581 4792 duas
1606 4725 1769 4811 epistolas,
1786 4741 1869 4808 quae
1893 4719 2070 4786 canonicae

416 4828 631 4910 nominantur,
645 4833 679 4891 et
694 4827 899 4912 euangelium
912 4824 1024 4905 Marci,
1040 4827 1116 4912 quia
1128 4826 1214 4890 Mar·
1267 4833 1481 4914 nominantur,
1495 4837 1529 4895 et
1545 4829 1749 4914 euangelium
1767 4826 1877 4905 Marci,
1894 4825 1970 4910 quia
1983 4822 2072 4888 Mar-

418 4951 475 4994 cus
499 4929 627 4995 auditor
651 4932 719 4995 eius
742 4932 802 4996 luit
825 4937 858 4994 st
879 4929 962 4992 filius
979 4928 1020 4993 de
1036 4930 1214 5016 baptism0;
1268 4957 1323 5000 cus
1346 4935 1474 5000 auditor
1497 4935 1565 5000 cius
1589 4933 1648 4998 luit
1671 4939 1704 4997 et
1727 4932 1810 4996 lilius
1829 4929 1870 4994 de
1886 4928 2072 5015 baptismo;

417 5041 491 5118 post
515 5054 643 5099 omnem
666 5043 816 5122 quattuor
831 5034 1075 5118 euangeliorum
1091 5035 1216 5099 fontem
1267 5045 1342 5127 post
1364 5060 1492 5104 omnem
1509 5043 1661 5124 quattuor
1677 5036 1921 5123 euangeliorum
1945 5033 2069 5098 sontem

417 5137 459 5201 ad
484 5138 769 5223 interrogationem
787 5139 873 5203 Petri
890 5138 1008 5202 firmati
1031 5144 1114 5219 sunt,
1139 5137 1215 5203 dum
1268 5143 1310 5208 ad
1325 5145 1614 5228 interrogationem
1631 5142 1719 5206 Petri
1736 5141 1862 5204 firmata
1884 5143 1967 5220 sunt,
1991 5137 2068 5201 dum

418 5241 499 5306 alius
521 5240 637 5324 Grece,
661 5243 742 5307 alius
773 5241 942 5322 Ebraioae‚
971 5241 1052 5305 alius
1078 5240 1215 5306 Latinae
1268 5249 1348 5312 alius
1372 5246 1513 5330 Graece,
1537 5246 1617 5311 alius
1640 5245 1818 5326 Hebraico,
1847 5244 1928 5309 alius
1950 5240 2069 5306 Latine

418 5353 604 5410 consonent.
1268 5357 1433 5416 consonet.

417 5463 480 5528 Hic
505 5467 657 5552 martyrio
681 5487 753 5532 cum
775 5465 878 5531 Paulo
903 5471 1084 5530 coronatur.
1133 5527 1135 5531 ,

417 5583 481 5649 Hic
504 5586 582 5650 fecit
604 5585 821 5654 ordinationes
845 5593 927 5668 tres,
951 5586 1057 5671 presb.
1073 5585 1120 5664 X,
1144 5586 1213 5672 epi·
1267 5587 1331 5651 Hic
1355 5588 1432 5653 lecit
1448 5586 1670 5652 ordinationes
1684 5587 1746 5668 Ill,
1770 5586 1851 5654 diac.
1865 5584 1939 5666 VII,
1961 5583 2071 5670 presb.

418 5709 534 5776 scopos
554 5689 619 5770 III,
649 5691 811 5758 diacllll
834 5712 894 5779 per
924 5708 1025 5755 mens.
1055 5688 1215 5756 Decemb.
1269 5691 1315 5772 X,
1339 5693 1511 5778 episcopos
1540 5689 1591 5754 III
1625 5711 1685 5777 per
1721 5712 1833 5756 menso
1864 5685 2073 5756 Decembris.
