4538 6420
398 359 473 414 Lxx
1086 357 1371 416 Paonueonuua

398 532 568 597 voluminis
591 533 617 596 si
639 534 754 597 liceret
776 553 931 597 revocare
954 530 1093 598 indicem
1117 554 1275 620 paparum
1300 531 1475 598 deductum
1497 531 1540 598 ad
1561 532 1733 618 Pelagium
1750 531 1799 610 11.
1829 535 2065 622 colligeremus

398 635 595 700 Pontificelis
619 637 789 722 exemplar
811 636 853 700 ab
877 637 1092 722 epitomatore
1116 635 1298 702 adhibitum
1322 657 1395 702 essa
1419 637 1571 724 scripturn
1588 635 1723 702 sedente
1739 636 1899 724 Gregorio
1917 639 1942 708 1.
1990 641 2064 706 Sed

398 761 460 804 uon
476 741 567 815 licet;
591 762 666 805 nam
682 741 856 806 laterculus
872 741 959 827 prior
975 761 1047 806 cum
1063 762 1128 806 nou
1143 741 1266 806 babeat
1284 742 1499 806 Anenoletum
1516 749 1550 806 et
1564 741 1799 824 Marcellinum,
1813 764 1877 808 non
1893 743 2064 810 derivatus

397 851 447 908 est
469 866 512 909 ex
534 845 616 910 libro
632 845 815 910 Pontificali
838 850 872 910 et
886 843 1017 910 aliunde
1037 845 1212 910 accesserit
1234 865 1369 910 necesse
1393 851 1455 929 est,
1476 866 1584 932 neque
1604 845 1679 910 inde
1696 847 1867 933 quicquam
1884 848 2061 934 colligitur,

396 947 483 1033 quod
506 949 605 1014 iaciat
632 947 675 1013 ad
704 949 778 1014 libri
801 947 998 1014 Pontificalis
1021 949 1180 1034 originem
1202 947 1494 1016 determinandam.
1549 949 1788 1015 Romanaerunt
1810 950 1894 1016 haec
1915 953 2060 1018 sortasse

396 1072 438 1116 ex
471 1051 701 1119 additamentis
735 1052 869 1118 adiectis
904 1051 946 1117 ad
980 1054 1123 1139 corporis
1152 1051 1420 1118 Sanctimeuriani
1452 1052 1627 1120 editionem
1656 1053 1832 1120 secundam
1857 1055 1992 1140 iactam,
2017 1065 2058 1122 ut

396 1157 548 1236 vidimus,
577 1157 713 1223 sedente
741 1156 900 1241 Gregorio
925 1156 959 1238 l,
988 1178 1123 1243 quorum
1152 1163 1280 1244 perlem
1309 1157 1464 1222 maiorem
1486 1157 1607 1222 ebiecit
1635 1167 1748 1224 auctor
1769 1158 1952 1225 Pelicienus
1974 1161 2059 1226 sub·

395 1261 507 1324 stituto
529 1261 612 1326 libro
637 1260 816 1326 Pontificsli
839 1258 1077 1346 compendieto.

499 1363 639 1430 (lodices
662 1365 825 1452 epitomes
848 1363 1035 1430 Pelicienee
1058 1371 1231 1452 supersunt
1252 1371 1329 1432 tres.

337 1477 376 1529 Ρ
499 1469 664 1536 Parisinus
686 1475 762 1534 1451
786 1490 845 1536 scr.
862 1489 947 1536 saec.
960 1469 1043 1536 VHI
1061 1477 1210 1536 extremo
1227 1469 1393 1557 (blaaasen
1414 1469 1434 1534 l.
1452 1491 1479 1538 c.
1503 1475 1537 1534 et
1552 1469 1836 1552 Stteunqsbera'cble
1849 1473 1906 1538 dor
1928 1471 2059 1540 Wiener

393 1571 567 1638 Altademio
582 1571 670 1661 [bibl.
686 1573 760 1640 Lat.
776 1574 834 1638 iur.
851 1594 921 1639 can.
937 1571 1007 1662 ms]
1022 1575 1086 1640 rol.
1099 1580 1139 1641 54
1162 1596 1192 1640 e.
1210 1577 1290 1640 1866
1313 1596 1345 1661 p.
1364 1577 1439 1650 173;
1461 1573 1566 1639 Dneh.
1582 1595 1614 1660 p.
1628 1573 1740 1641 XLIX
1756 1597 1829 1643 cum
1844 1577 1956 1642 tabula
1975 1583 2002 1660 1,
2015 1580 2054 1664 ι),

392 1675 566 1762 aliquando
581 1678 733 1744 abbatiae
749 1678 851 1744 sancti
865 1677 971 1744 Mauri
985 1677 1189 1744 Posseteusis
1205 1699 1308 1765 prope
1327 1679 1477 1744 Parisios.
1518 1677 1590 1752 Quo
1609 1685 1755 1766 tempore
1771 1681 1908 1768 scriptus
1930 1683 1981 1764 eit,
2001 1683 2052 1746 in-

394 1780 561 1867 tellegitur
578 1786 644 1846 tam
662 1803 704 1847 ex
719 1782 825 1846 indice
841 1803 998 1868 paparum
1014 1803 1086 1847 cum
1102 1783 1214 1870 spatiis
1229 1783 1409 1869 perscripto
1426 1783 1447 1848 l.
1465 1775 1495 1846 6'
1511 1783 1642 1848 finiente
1657 1784 1691 1848 in
1706 1783 1873 1850 Hadriano
1889 1785 1907 1850 Ι
1922 1785 2052 1851 adiecto

392 1905 489 1948 manu
505 1885 646 1950 secunda
660 1887 789 1950 nomine
804 1885 935 1968 Leonis,
951 1887 1070 1972 scripto
1085 1887 1184 1972 igitur
1206 1887 1342 1952 sedente
1365 1885 1478 1951 Leone
1498 1885 1548 1950 III
1572 1886 1774 1971 (795-816)
1790 1909 1886 1973 quam
1904 1909 1946 1954 ex
1963 1911 2053 1954 com·

391 1995 469 2074 puto
494 1989 524 2053 ei
540 1989 708 2055 subiuncta
725 1988 792 2074 (ed.
814 2010 888 2056 eum
903 1989 1055 2056 Meassen
1077 1991 1099 2058 l.
1115 2011 1141 2056 c.
1165 1998 1199 2055 et
1213 1990 1387 2056 Duohesne
1409 1990 1431 2055 l.
1448 2013 1487 2071 c..
1511 1990 1566 2055 ubi
1590 1991 1716 2077 corrige
1740 1991 1803 2056 dac
1824 1993 1915 2058 milia
1933 1991 2053 2059 CCXL

391 2114 449 2178 pro
463 2093 526 2158 duo
539 2092 631 2156 milio
648 2093 784 2176 CCLX)
796 2094 929 2159 finiente
945 2095 1004 2160 sic:
1022 2095 1059 2159 de
1076 2093 1249 2177 apostolatu
1263 2095 1330 2159 eom
1344 2093 1431 2175 facto
1449 2093 1570 2162 masei
1583 2097 1736 2178 martyras
1750 2095 1936 2162 Marcellini
1951 2119 2053 2180 usqae

390 2201 512 2278 tempus
538 2198 617 2282 (nou
645 2218 744 2280 aaqaee
765 2199 810 2263 ad
836 2198 972 2284 tompus)
999 2197 1218 2282 gloriosissimi
1247 2199 1355 2264 mmet
1377 2197 1496 2264 Keroli
1517 2199 1599 2282 rogis
1623 2199 1731 2264 XXV
1748 2201 1830 2266 anai
1851 2202 1940 2284 regni
1971 2203 2051 2282 eius,

389 2299 446 2364 boc
477 2305 523 2366 cst
551 2323 650 2384 usqam
679 2301 772 2366 VIII
794 2301 857 2368 tal.
881 2302 987 2388 April.
1020 2306 1063 2384 (a.
1080 2305 1142 2368 793
1170 2302 1266 2368 Mart.
1284 2305 1338 2386 25)
1370 2308 1447 2368 sunl
1479 2303 1560 2368 anni
1585 2302 1760 2369 000οΧ0
1785 2309 1815 2368 ot
1835 2325 1955 2370 ammas
1975 2309 2050 2374 tros.

389 2402 504 2470 Codex
532 2405 633 2471 hebet
661 2406 808 2492 syllogen
837 2428 995 2472 cenenum
1025 2426 1098 2472 eam
1129 2405 1171 2473 de
1199 2427 1264 2494 qua
1294 2407 1416 2493 agitur;
1440 2407 1473 2472 in
1496 2427 1537 2472 ee
1560 2405 1636 2493 quid
1660 2409 1862 2473 contineatur
1897 2415 1931 2474 et
1965 2431 2049 2496 quae

388 2516 560 2594 praeterea
593 2512 626 2577 in
660 2509 771 2576 codice
805 2511 868 2576 sint
897 2532 917 2574 a
944 2510 1070 2598 sylloge
1100 2511 1207 2576 ebena
1235 2517 1385 2576 accurate
1418 2510 1581 2598 descripta
1614 2532 1634 2576 a
1669 2511 1856 2595 diocesano,
1884 2512 1947 2578 hoc
1975 2514 2049 2578 loco

389 2613 558 2700 praeteriri
580 2620 764 2700 potuerunt.

330 2736 372 2788 Fa
494 2717 672 2784 Vaticanus
702 2718 835 2804 reginae
871 2720 951 2782 1127
986 2739 1073 2784 saec.
1095 2717 1146 2784 IX
1175 2718 1295 2806 (Dneh.
1325 2740 1357 2807 p.
1382 2717 1424 2804 L)
1456 2725 1554 2784 antea
1587 2719 1740 2785 abbatiae
1772 2721 1874 2786 saneti
1895 2719 2048 2808 Eparchii

386 2821 644 2908 Engoliemensis
674 2820 909 2909 (Angoulbme)
940 2821 1152 2910 praecedeuti
1180 2823 1375 2906 simillimus,
1403 2822 1463 2888 nisi
1492 2821 1578 2909 qnod
1608 2845 1767 2913 paparum
1795 2823 1896 2890 index
1923 2825 1994 2891 linit
2013 2827 2047 2891 in

387 2925 538 2993 Pascbeli
559 2926 577 2991 Ι
599 2925 812 3013 (817-824).

328 3050 370 3101 F*
491 3031 665 3096 Bernensis
688 3033 751 3096 225
786 3051 870 3095 seeo.
887 3029 938 3095 IX
972 3029 1091 3110 (Ducb.
1114 3052 1146 3117 p.
1162 3029 1223 3116 LI)
1256 3031 1317 3096 etei
1351 3031 1500 3118 syllogen
1531 3051 1688 3098 canonum
1714 3053 1780 3098 non
1810 3033 1960 3115 exbibet,
1988 3032 2047 3099 sed

385 3137 488 3201 solum
511 3136 627 3201 librum
656 3135 874 3222 pontificalem
902 3133 1095 3216 breviatum,
1120 3133 1300 3221 descriptus
1322 3137 1363 3200 sit
1385 3156 1520 3201 neeesse
1550 3143 1600 3201 est
1631 3157 1674 3201 ex
1696 3136 1809 3202 codiee
1832 3138 1940 3223 aliquo
1963 3137 2044 3202 duo-

385 3241 445 3305 bus
473 3238 742 3326 praecedentibus
765 3239 875 3320 simili,
899 3259 971 3302 cum
1000 3237 1100 3302 index
1122 3259 1280 3326 paparum
1311 3241 1474 3325 epitomae
1496 3241 1634 3306 insertus
1661 3240 1714 3306 hic
1742 3262 1870 3330 quoque
1901 3241 1991 3306 liniat
2012 3243 2045 3306 in

385 3346 520 3431 Pelagio
543 3344 586 3409 Il.
632 3344 709 3431 Ipse
731 3344 874 3430 epitome
899 3341 1016 3408 desinit
1036 3343 1071 3408 in
1092 3341 1225 3408 Liberio
1248 3344 1357 3409 verbis
1385 3366 1416 3431 p.
1436 3347 1486 3428 78,
1507 3348 1545 3410 13
1562 3377 1602 3400 =
1621 3347 1694 3427 249,
1710 3371 1722 3410 s
1738 3344 1892 3410 cimim'o
1917 3351 2049 3410 sanctae

384 3470 486 3531 opaca
506 3448 563 3512 abi
584 3448 708 3513 sedebat
730 3468 794 3512 non
818 3448 958 3532 mntssus,
982 3446 1042 3512 sed
1063 3452 1100 3511 ut
1121 3468 1216 3513 versu
1240 3468 1343 3513 reone
1365 3449 1556 3538 interposito
1573 3455 1728 3535 sequatur
1743 3449 1935 3536 Hieronymi
1957 3471 2047 3516 eom-

384 3554 561 3618 menteriue
592 3552 633 3617 de
663 3553 738 3618 viris
765 3552 942 3616 illustribus
974 3551 1007 3616 in
1039 3551 1101 3617 fine
1125 3551 1346 3638 imperfectus.
1391 3551 1487 3626 Quod
1510 3553 1627 3618 conicit
1649 3552 1854 3619 Duohesnius
1881 3553 2046 3618 librarium

385 3657 531 3721 consulto
554 3657 700 3721 omisisse
723 3661 851 3743 partem
874 3657 1038 3743 epitomae
1061 3657 1287 3743 posteriorem,
1310 3661 1348 3723 ut
1366 3656 1512 3723 eiusdem
1536 3658 1691 3744 temporis
1714 3658 1845 3724 notidas
1868 3658 2045 3744 coniunge·

384 3767 452 3842 ret,
476 3780 540 3826 non
564 3761 722 3848 explicat,
756 3781 813 3826 cur
841 3760 875 3823 in
907 3760 1018 3824 media
1040 3761 1202 3826 sententie
1228 3762 1295 3826 rita
1316 3760 1441 3827 Liberii
1463 3762 1687 3848 abrumpatur;
1718 3761 1818 3826 immo
1842 3761 2041 3828 eredendum

385 3871 435 3929 est
455 3865 578 3930 librarii
601 3864 814 3952 archetypum
837 3864 985 3929 mutilum
1008 3884 1072 3931 non
1095 3864 1247 3930 habuisse
1270 3867 1332 3931 nisi
1354 3867 1501 3953 syllegae
1524 3867 1726 3953 principium.

488 3967 560 4043 Quo
589 3969 660 4034 loco
692 3974 725 4034 et
755 3988 818 4054 quo
847 3975 995 4056 tempore
1024 3970 1168 4056 epitome
1195 3969 1365 4036 Peliciana
1393 3971 1480 4036 facta
1512 3972 1569 4053 sit,
1599 3991 1715 4056 parum
1737 3974 1873 4038 constat.
1918 3968 2044 4056 Oorpus

384 4071 697 4138 Sanctimaurienum
719 4072 857 4137 vidimus
879 4094 977 4160 supra
1000 4074 1163 4140 conditum
1187 4095 1260 4140 essa
1287 4076 1321 4140 in
1343 4073 1452 4140 Gellia
1474 4076 1604 4140 saeculo
1622 4074 1671 4140 VI
1693 4073 1818 4158 medio,
1841 4074 2044 4159 recognitum

384 4177 443 4241 sub
468 4176 536 4241 eius
559 4177 673 4253 finem;
701 4174 769 4258 sed,
793 4182 829 4240 ut
851 4182 950 4240 antea
972 4177 1170 4262 monuimus,
1193 4177 1368 4242 verisimile
1392 4183 1442 4242 est
1466 4178 1631 4264 epitomen
1653 4199 1718 4244 non
1740 4177 1782 4243 ab
1805 4177 1875 4264 ipso
1899 4177 2042 4263 corporis

383 4280 549 4347 conditore
571 4281 739 4368 proficisci,
763 4278 821 4345 aad
842 4286 960 4367 postea
975 4279 1106 4346 demum
1131 4282 1161 4346 ai
1185 4280 1346 4347 adiectam
1370 4303 1451 4348 esse.
1497 4280 1539 4346 Id
1553 4282 1674 4346 factum
1698 4301 1770 4346 asse
1793 4281 1826 4345 in
1841 4279 1950 4346 Gallia
1965 4286 2041 4346 ante

383 4385 548 4450 sacculum
569 4405 689 4449 nonum
714 4405 757 4448 ex
779 4383 927 4451 codicum
950 4385 1137 4451 condicione
1160 4406 1232 4450 cnm
1256 4393 1424 4473 appareat,
1447 4386 1581 4451 ulterius
1603 4383 1758 4472 progredi
1779 4406 1844 4450 non
1866 4385 2040 4472 potuimus.

485 4489 560 4555 Duo
582 4489 656 4554 libri
679 4489 768 4576 pleni
790 4488 957 4554 Parisinus
981 4495 1015 4554 et
1029 4490 1207 4556 Vaticanus
1235 4491 1283 4556 ita
1305 4491 1509 4566 consentiunt
1537 4491 1637 4555 etiem
1664 4490 1698 4554 in
1720 4489 1845 4576 pusillis
1869 4489 2041 4568 erroribus,

382 4600 417 4659 ut
447 4593 582 4659 dubium
612 4613 677 4659 non
703 4593 744 4657 sit
771 4599 943 4680 utrumque
975 4593 1173 4682 descriptum
1196 4615 1268 4660 esse
1299 4616 1342 4661 ex
1364 4594 1542 4682 archetypo
1566 4594 1700 4676 eodem,
1724 4591 1783 4659 aad
1804 4593 1861 4676 ita,
1884 4599 1921 4658 ut
1942 4592 2040 4659 modo

381 4697 433 4763 irio
455 4697 554 4764 modo
576 4698 633 4763 ille
659 4697 695 4762 id
718 4697 846 4764 fidelius
868 4705 1105 4787 repraesentet.
1154 4698 1287 4766 Scilicet
1307 4699 1472 4766 Parisinus
1502 4704 1648 4788 praestet
1670 4697 1830 4764 Vaticano
1852 4696 1938 4761 inter
1960 4695 2040 4762 alios

380 4801 460 4866 locis
483 4802 550 4867 his:

558 4908 610 4989 86,
627 4931 652 4972 ιι
673 4903 776 4993 xxxii]
799 4905 864 4990 F²‚
886 4905 957 4972 xxii
978 4906 1029 4972 F²
1045 4908 1123 4991 (sic)

559 5014 611 5092 86,
630 5035 653 5076 re
676 5006 804 5097 salaria]
827 5009 891 5094 F1,
915 5011 1068 5077 salutaria
1084 5010 1135 5076 F²

540 5118 638 5197 107,1
662 5110 784 5200 sardus]
808 5113 870 5197 ΕΙ,
894 5112 1046 5180 sacerdos
1062 5113 1116 5179 12²

481 5255 482 5258 ι
540 5216 884 5301 trecasinensem
907 5223 1035 5304 petrum
1060 5216 1325 5284 etadsenctum
1348 5220 1480 5306 paulum
1503 5239 1562 5286 om.
1579 5219 1632 5284 F²
1721 5269 1723 5274 .
1794 5271 1796 5274 .
1846 5271 1848 5276 ,
1885 5271 1886 5276 ι
1950 5272 1953 5276 .

538 5325 637 5406 121,ι
659 5319 876 5409 symmachus]
900 5321 965 5404 F¹‚
988 5342 1046 5386 om.
1062 5321 1113 5386 Fi

378 5424 539 5489 Numeros
574 5425 643 5489 fere
677 5424 798 5489 unione
832 5445 896 5488 uno
925 5424 1074 5489 librarius
1103 5425 1277 5510 imminuit,
1301 5427 1446 5493 scribens
1469 5426 1574 5513 Vprc
1599 5424 1651 5491 VI
1651 5474 1659 5507 ,
1690 5424 1740 5491 VI
1757 5445 1816 5510 pro
1839 5423 1910 5488 VII
1930 5430 1964 5490 et
1991 5425 2036 5490 sio

379 5527 544 5614 deinceps.
567 5563 609 5574 -
632 5527 660 5592 Ε
684 5528 843 5593 contrario
858 5527 1039 5593 Vaticanus
1061 5535 1207 5617 praestat
1227 5530 1375 5596 Parisino
1398 5533 1479 5596 loeis
1502 5531 1556 5616 qui
1580 5535 1774 5616 sequuntur:

559 5635 635 5713 11,ι
659 5651 702 5695 ex
723 5629 830 5720 patre]
857 5652 899 5698 ex
922 5638 993 5699 atre
1010 5633 1073 5717 F2,
1097 5639 1211 5701 extare
1226 5636 1262 5701 F
1269 5637 1279 5676 ¹
1801 5637 1803 5640 ’
