4612 6436
929 435 1214 494 Peonuoormnn.
1827 437 1901 494 XCV

243 604 310 684 ipse
339 625 410 671 cero
439 608 558 694 legitur
587 609 694 690 5514544
715 631 783 689 555,
814 612 892 678 item
920 613 962 678 54
988 633 1019 698 p.
1037 616 1111 692 471,
1128 635 1153 676 rs
1175 617 1251 676 ante
1284 613 1321 677 ia
1348 611 1427 678 55145
1459 633 1568 680 rursus
1603 619 1653 679 est
1686 635 1741 678 aes.
1765 612 1902 680 Fames.

244 706 362 773 deindo
392 711 425 774 in
448 712 514 776 vita
543 712 703 779 Hadriani
724 715 740 780 I
768 715 810 781 ad
833 739 865 805 p.
881 719 982 800 487,5
1009 722 1084 803 post
1112 714 1230 781 obsolei
1256 715 1333 796 fecit
1356 721 1407 782 est
1434 717 1486 781 hic
1508 717 1613 798 deficit
1634 718 1786 795 names,
1814 719 1903 782 etin
1989 761 1992 768 -

243 811 310 876 vita
333 812 440 899 Sergii
462 815 497 879 II
519 817 620 884 5542
642 839 673 904 p.
690 821 743 902 88,
758 844 785 884 so
807 827 882 886 ante
906 827 982 886 4555
1008 821 1166 901 5455414555
1188 826 1239 885 554
1260 841 1300 884 ea
1326 819 1430 886 codice
1450 813 1676 900 namnam
1699 821 1838 908 donique
1868 823 1902 886 in

244 915 361 982 eadem
383 919 450 982 vita
476 919 519 985 54
545 942 578 1007 p.
598 926 698 1004 1144,5
729 923 833 991 dextr.
856 925 908 990 445
937 925 1038 990 maha
1060 925 1174 990 desunt
1203 945 1286 1006 quoe
1313 924 1471 989 45455455
1497 925 1534 990 ia
1559 924 1643 990 55455
1673 925 1763 1005 libri,
1786 925 1902 1012 quibus

243 1020 443 1106 respondent
460 1023 742 1092 additamentis-iis
757 1030 971 1117 praescripta:
994 1028 1210 1110 suppomenu
1224 1029 1308 1094 54455
1322 1027 1426 1111 Serpit
1440 1028 1484 1094 ΙΙ
1496 1050 1535 1093 ex
1549 1029 1785 1110 antiquissime
1806 1051 1899 1095 mem·

243 1124 354 1190 branis
367 1125 590 1194 Fornesrbais.
627 1130 677 1196 Ea
693 1153 736 1196 ex
752 1133 814 1198 hoe
830 1134 942 1200 codiee
957 1135 1027 1199 solo
1044 1140 1078 1199 54
1093 1154 1152 1220 per
1167 1134 1271 1198 solum
1283 1133 1488 1199 Holetenium
1507 1141 1637 1199 5555545
1653 1147 1696 1198 ex
1712 1134 1900 1199 Holetenia-

243 1231 292 1294 nis
309 1231 449 1316 repetita
463 1232 616 1319 leguntur
630 1257 660 1322 p.
679 1240 716 1302 91
733 1257 802 1325 555.
821 1238 937 1323 Ι)554.,
960 1239 1105 1305 tinientia
1120 1239 1233 1304 mutila
1250 1261 1281 1326 p.
1302 1243 1399 1317 101,5
1422 1244 1563 1304 55555455
1578 1237 1703 1303 5454544.
1749 1239 1902 1304 Pervenit

242 1334 340 1420 igitur
369 1334 475 1401 codex
501 1344 590 1403 certe
620 1339 662 1404 ad
692 1341 843 1428 Sergium
865 1342 900 1408 II
924 1343 1124 1426 (844-847)
1154 1347 1188 1408 54
1218 1348 1327 1429 potest
1354 1343 1448 1429 plura
1477 1342 1640 1407 habuisse.
1692 1342 1900 1407 Bianehinius

243 1458 326 1524 5555
362 1459 406 1504 ex
438 1434 501 1506 hoo
530 1442 641 1508 codice
668 1444 783 1510 habuit
810 1446 990 1530 delineata,
1020 1445 1234 1513 adservantur
1258 1447 1344 1512 inter
1371 1445 1508 1512 schedas
1541 1447 1610 1510 eius
1640 1447 1674 1510 in
1697 1446 1897 1512 bibliothece

243 1543 413 1628 capitulari
427 1544 610 1613 Veronensi
633 1549 783 1616 554438
807 1552 870 1616 554.
887 1556 906 1616 5
928 1551 1084 1638 indagata
1099 1551 1145 1617 ibi
1163 1551 1205 1616 ab
1222 1551 1391 1617 Huelseno
1415 1556 1448 1616 54
1470 1550 1550 1616 mihi
1569 1571 1699 1638 quoque
1729 1552 1806 1633 visa,
1831 1551 1900 1616 544-

243 1648 354 1736 ditque
377 1668 419 1714 ea
440 1649 509 1736 ipae
533 1651 621 1738 ligno
644 1654 745 1719 incisa
768 1657 893 1737 omnia,
915 1657 1038 1722 seilicet
1061 1677 1104 1721 ex
1132 1656 1194 1721 hac
1217 1662 1310 1742 parte
1341 1660 1451 1721 nostra
1475 1656 1575 1720 vitam
1598 1653 1740 1740 Eugenii
1764 1657 1808 1741 (p.
1830 1657 1900 1735 185)

242 1753 304 1818 554.
323 1756 342 1817 4
363 1774 396 1839 p.
413 1753 551 1836 XXIII,
574 1763 747 1845 praeterea
768 1759 883 1824 55444
906 1783 937 1847 p.
953 1759 1176 1825 LVII-LIX
1199 1780 1243 1824 ex
1266 1760 1332 1824 rita
1355 1758 1514 1844 Stephani
1536 1757 1587 1822 III
1611 1757 1730 1823 codicis
1755 1759 1776 1824 i.
1795 1763 1836 1824 60
1846 1759 1899 1824 fin.

242 1877 274 1942 p.
291 1859 364 1936 453,
382 1883 406 1923 re
427 1863 458 1923 et
472 1859 574 1926 denuo
592 1911 599 1926 .
617 1910 624 1926 .
642 1910 648 1925 .
666 1887 691 1926 rs
706 1863 943 1944 inperpetuum
952 1864 1169 1945 porrtifiorbas,
1185 1864 1264 1928 item
1281 1863 1349 1928 lolii
1365 1867 1403 1928 61
1424 1867 1575 1948 55544555
1597 1863 1734 1948 paginas
1750 1883 1901 1928 versuum

242 1960 407 2044 XXVIII,
436 1969 546 2028 rectae
576 1965 716 2051 priorem
750 1988 781 2053 p.
799 1969 877 2047 453,
894 1992 919 2032 rs
952 1966 1119 2048 apostolice
1236 1972 1345 2048 454,5
1376 1987 1648 2048 5555555555,
1686 1967 1901 2053 posteriorem

242 2087 273 2152 p.
286 2071 359 2148 454,
373 2091 384 2130 s
405 2066 556 2147 55455555
571 2119 579 2135 .
596 2118 603 2134 .
621 2118 629 2134 .
646 2075 720 2152 454,
736 2096 761 2135 ro
782 2071 879 2136 Serra
894 2071 999 2150 555454,
1013 2091 1128 2137 555555
1144 2072 1296 2162 priorem·
1308 2092 1340 2158 p.
1353 2076 1427 2153 454,
1441 2096 1466 2135 o
1487 2069 1554 2134 lum
1575 2070 1681 2134 saneti
1707 2115 1715 2132 .
1733 2118 1740 2133 .
1758 2123 1765 2137 .
1790 2093 1815 2134 5
1825 2089 1900 2150 per-

240 2189 351 2234 sonum
363 2171 454 2252 despe
466 2171 567 2253 (edita
578 2172 691 2237 finiunt
702 2195 732 2260 p.
745 2179 819 2257 454,
827 2200 851 2240 n
862 2175 939 2240 hoec
953 2180 1122 2258 5555554555
1136 2172 1227 2260 4555),
1241 2175 1454 2260 posteriorem
1467 2195 1499 2260 p.
1512 2177 1586 2256 454,
1595 2198 1618 2238 a
1633 2172 1702 2237 5454
1716 2171 1834 2237 hohern
1847 2220 1856 2237 .
1870 2222 1877 2237 .
1892 2223 1899 2240 .

241 2274 373 2356 4555555
395 2279 425 2339 54
445 2276 494 2340 rei
508 2275 667 2357 publicae,
690 2278 770 2343 item
793 2280 813 2344 i.
831 2282 872 2344 62
896 2299 939 2344 ex
955 2279 1021 2344 vita
1036 2278 1129 2344 Pauli
1152 2277 1169 2342 I
1191 2277 1292 2344 verba
1314 2279 1418 2364 prima
1439 2299 1471 2364 p.
1488 2280 1551 2343 463
1568 2275 1696 2342 Paulos
1712 2325 1720 2341 .
1737 2325 1744 2342 .
1762 2325 1769 2341 .
1787 2275 1827 2341 ob
1850 2277 1899 2341 45·
1995 2287 1998 2292 “

241 2383 334 2444 eunte
348 2383 438 2446 etate.
484 2379 633 2467 Denique
650 2382 775 2468 pictura
797 2382 842 2448 ibi
865 2388 916 2448 est
938 2384 1128 2449 elericorum
1152 2382 1287 2448 duorum
1302 2383 1455 2448 volumen
1474 2383 1653 2448 tenentium
1676 2381 1804 2446 sinistra
1826 2402 1900 2445 cum

243 2483 414 2570 adscriptis
437 2485 501 2550 his:
530 2486 576 2550 ‘ia
596 2487 661 2568 fiee
682 2487 765 2552 54455
786 2488 893 2552 sancti
915 2487 1041 2552 455544
1065 2488 1176 2568 (immo
1201 2486 1373 2574 Stephani)
1397 2486 1462 2552 III
1482 2485 1547 2553 ‘cot
1563 2495 1615 2566 1⁰⁰·
1633 2495 1685 2566 p‘.
1707 2482 1760 2565 sol.
1774 2487 1825 2562 70,
1847 2484 1902 2548 cui

241 2587 296 2655 554.
311 2590 349 2652 2⁰
370 2589 509 2654 55555444
530 2591 661 2656 initium
682 2591 766 2656 ottae
787 2593 891 2656 eoacti
906 2592 1082 2658 Hadriani.
1107 2629 1149 2642 —
1171 2590 1301 2658 Codicis
1324 2591 1485 2678 deperditi
1508 2591 1666 2656 lectiones
1689 2588 1899 2675 suppeditant

241 2691 431 2758 Holetenius
443 2692 478 2780 (a
494 2714 557 2782 quo
573 2694 696 2781 pendet
706 2695 890 2784 Vignohus)
904 2703 937 2764 ot
949 2697 1172 2772 Bianehinius;
1188 2695 1393 2762 Duchesnins
1407 2702 1518 2762 autem
1541 2715 1613 2760 eum
1636 2692 1679 2759 54
1701 2694 1805 2779 ipsam
1830 2690 1898 2756 edi-

242 2797 363 2862 tionem
385 2798 539 2864 rolumen
561 2797 808 2868 Holetenianum
830 2823 895 2868 non
917 2801 1158 2888 adsumpsisset,
1182 2802 1215 2866 in
1238 2801 1440 2888 praefatione
1469 2799 1600 2866 domum
1623 2796 1701 2884 (vol.
1721 2801 1734 2860 1
1761 2817 1791 2882 p.
1810 2793 1900 2860 0011

242 2899 314 2967 545.
332 2899 366 2988 2)
390 2900 578 2987 aVignolio
601 2906 831 2990 praetermissa
860 2906 1063 2993 aliquatenus
1092 2905 1247 2990 explevit.
1291 2903 1426 2969 Variam
1456 2905 1632 2969 lectionem
1661 2921 1681 2966 5
1709 2898 1899 2964 Bianehinio

242 3010 407 3070 enotatam
429 3005 547 3072 fnrstra
575 3009 719 3094 quaesivi
748 3010 833 3076 inter
862 3009 1098 3076 schediasmate
1121 3010 1191 3074 eius
1218 3014 1286 3074 tam
1314 3007 1439 3074 Romae
1463 3008 1496 3073 in
1518 3006 1720 3073 bibliotheca
1742 3003 1898 3068 Vallioel-

241 3109 328 3174 liana
351 3130 447 3196 quarn
470 3110 623 3180 Verona'o
652 3114 686 3179 in
714 3115 898 3200 capitulari,
921 3113 981 3180 sed
1002 3114 1073 3179 fieri
1096 3119 1221 3200 potest,
1256 3118 1293 3178 ut
1326 3113 1468 3199 fugerint
1501 3132 1561 3176 nos
1593 3110 1679 3174 45455
1712 3107 1899 3173 5455555545

241 3213 297 3278 4445
331 3214 538 3301 amplissima.
602 3217 718 3304 Itaque
754 3239 793 3283 55
826 3219 910 3301 5545,
945 3237 1028 3304 quae
1064 3217 1141 3284 inde
1176 3217 1371 3283 transierunt
1402 3216 1436 3282 in
1470 3214 1647 3308 editionem
1684 3232 1744 3276 nos
1777 3210 1899 3275 5545555

240 3318 404 3404 potuimus
425 3319 619 3406 imperfecta
642 3319 811 3386 evidenter
832 3323 978 3387 maxims
1001 3323 1035 3386 45
1057 3327 1150 3408 parte
1172 3321 1371 3408 posteriorc3
1399 3326 1573 3408 praetcrea
1602 3338 1675 3383 cum
1699 3314 1799 3380 editio
1822 3313 1899 3380 snb·

241 3422 333 3486 sistat
354 3422 387 3487 in
409 3421 514 3488 Paulo
537 3423 563 3506 I,
592 3445 635 3489 ex
666 3431 758 3510 parte
782 3431 931 3491 extreme.
960 3447 1019 3513 per
1041 3425 1266 3492 Bianehinium
1297 3445 1362 3489 non
1385 3425 1533 3490 novimus
1554 3422 1616 3486 nisi
1639 3441 1745 3508 supra
1758 3417 1900 3483 indicata

241 3526 284 3591 ab
314 3526 384 3612 ipso
409 3525 583 3596 delineata.
643 3527 710 3594 sed
747 3550 831 3616 quac
868 3529 1080 3596 Bianehinius
1121 3550 1187 3595 non
1228 3534 1391 3616 praestat,
1429 3528 1588 3593 habemus
1634 3524 1675 3589 ab
1712 3521 1897 3605 Holstonio,
2004 3523 2009 3528 ”

241 3630 330 3696 cuius
353 3630 394 3696 45
418 3632 507 3696 55545
530 3633 670 3698 lectione
699 3653 873 3721 perperam
902 3635 1032 3700 omnino
1054 3633 1208 3700 indicavit
1236 3633 1443 3699 Duchesnius
1467 3655 1498 3719 p.
1516 3630 1589 3698 001
1612 3627 1812 3695 contendens
1834 3646 1899 3691 non

242 3741 374 3800 enotata
405 3756 478 3800 esse
506 3737 574 3802 lere
603 3738 664 3803 nisi
687 3759 771 3826 qnae
794 3738 836 3803 54
859 3759 1012 3805 numeros
1035 3743 1069 3804 54
1091 3739 1224 3804 nomina
1246 3739 1379 3825 propria
1401 3743 1566 3824 spectent;
1594 3735 1693 3800 immo
1723 3730 1899 3814 minoribus

241 3839 498 3925 orthographicis
521 3841 803 3929 grammaticisqnc
827 3843 943 3929 spretis
966 3843 1094 3929 potiora
1117 3842 1225 3908 omnia
1248 3841 1336 3929 apud
1358 3840 1567 3906 Holetenium
1598 3837 1803 3923 reperiuntur
1825 3831 1897 3899 dili-

240 3948 357 4028 genter
383 3945 564 4030 perscripta
589 3966 651 4010 neo
678 3947 740 4011 nisi
762 3966 835 4011 raro
859 3947 1031 4012 obscurata
1058 3967 1120 4033 per
1144 3947 1267 4012 variam
1293 3945 1467 4011 lectionem
1502 3943 1649 4010 codicum
1685 3939 1820 4004 ahorum
1856 3937 1897 4002 ab

244 4047 360 4112 eodem
382 4047 462 4113 item
477 4047 705 4114 adhibitonrm.
748 4049 938 4116 Holstenius
961 4071 1033 4115 cum
1049 4050 1283 4116 Famesianum
1306 4049 1478 4114 contulerit
1500 4045 1543 4112 ad
1566 4044 1742 4110 editionem
1758 4041 1896 4127 Mogon-

241 4151 349 4234 tinam,
373 4173 457 4239 quae
480 4153 604 4240 pendet
625 4175 645 4218 a
667 4153 780 4220 codice
803 4155 913 4220 classis
936 4156 1053 4221 tertiae
1078 4161 1111 4219 et
1133 4159 1243 4219 textus
1267 4153 1365 4218 ctiam
1381 4151 1633 4216 Bianehinianus
1655 4149 1689 4212 in
1713 4165 1897 4211 summare

241 4255 379 4322 eandem
401 4259 624 4323 recensionem
652 4265 821 4346 sequatur,
844 4259 1019 4325 verisimile
1043 4265 1093 4325 554
1115 4257 1235 4324 ubido
1261 4258 1400 4323 lectione
1423 4255 1622 4322 Furnosiana
1650 4252 1771 4317 diserta
1802 4250 1893 4314 tasti-

240 4360 348 4424 monia
378 4360 543 4442 deficiunt,
573 4361 711 4428 adeam
735 4365 871 4430 classem
895 4365 1012 4430 librum
1035 4384 1070 4429 55
1094 4363 1297 4451 applicuisse.
1342 4361 1475 4427 Diserta
1498 4365 1607 4426 554555
1630 4355 1830 4435 testimonia,
1855 4354 1898 4418 ad

241 4484 324 4551 quae
348 4465 418 4530 sola
440 4465 579 4546 attondi,
612 4467 668 4533 ubi
698 4474 755 4532 aut
784 4467 848 4534 455
872 4475 1021 4536 55545555
1044 4467 1287 4534 subministrant
1310 4466 1412 4553 (apud
1435 4487 1489 4531 mc
1505 4463 1604 4544 Em)
1628 4466 1684 4527 aut
1704 4458 1895 4525 Holetenius

240 4568 326 4635 55155
354 4567 457 4656 (apud
483 4592 537 4636 me
552 4570 636 4659 ΕΜ)
664 4579 720 4638 554
745 4572 953 4640 Bianehinius
982 4572 1085 4661 (apud
1111 4592 1164 4637 me
1179 4571 1276 4658 1444),
1309 4593 1419 4638 curam
1443 4571 1513 4656 egi,
1536 4569 1732 4651 ubicumque
1760 4562 1895 4628 adrem

240 4673 377 4752 4555554,
407 4679 444 4738 54
472 4680 646 4762 apparatus
672 4673 706 4740 id
737 4677 933 4752 enuntiaret;
961 4683 1138 4764 apparatus
1164 4681 1275 4742 noster
1297 4674 1354 4741 ubi
1375 4675 1464 4758 silet,
1493 4673 1534 4739 45
1557 4671 1631 4737 libri
1651 4667 1791 4736 lectione
1814 4667 1894 4732 scito
2030 4719 2035 4728 .

239 4798 304 4843 non
327 4778 406 4844 satis
429 4784 587 4844 constare.
632 4778 763 4847 Subioci
790 4782 947 4848 lectiones
976 4800 1019 4847 ex
1046 4781 1110 4847 hoo
1137 4782 1219 4847 libro
1243 4784 1392 4846 enotatas
1422 4779 1453 4845 ei
1475 4779 1622 4867 proprias
1645 4784 1701 4844 554
1723 4784 1896 4851 mendosas

240 4888 297 4948 aut
318 4887 500 4968 suspectas:
1903 4883 1907 4890 '

401 5008 471 5087 145,
488 5030 511 5069 5
534 5009 647 5069 555455
669 5001 845 5093 civitatem]
868 5010 962 5071 extra
985 5005 1150 5072 ciuitatem
1165 5003 1218 5070 Ε5

399 5121 469 5199 145,
485 5141 511 5182 ra
533 5115 708 5204 pugnando
730 5114 817 5205 54544]
840 5117 920 5184 54544
934 5116 1041 5204 E⁵[?]
1152 5197 1156 5203 ,

402 5233 501 5310 146,ι
525 5229 664 5295 ciuitatis
686 5227 906 5318 mediolanae]
928 5250 956 5296 c.
979 5229 1155 5296 mediolani
1169 5230 1206 5294 E
1211 5232 1223 5272 ⁵

400 5345 501 5422 146,5
523 5341 556 5406 54
579 5341 624 5407 id.
647 5339 736 5429 mai]
759 5342 793 5408 ui
816 5340 868 5407 die
891 5361 993 5408 mens.
1015 5340 1172 5408 5554514ὅ

402 5458 471 5533 151,
488 5477 501 5518 5
523 5453 677 5520 uirtutem
691 5450 858 5540 maiorem]
881 5453 1001 5518 uirtute
1024 5474 1145 5540 magna
1159 5453 1224 5520 Es,
1246 5454 1378 5535 offendit
1397 5453 1566 5522 librariam
1587 5461 1821 5540 conparatione
1835 5481 1896 5546 pro

549 5558 682 5638 positivo

304 5665 306 5670 ’
401 5663 498 5750 1555
522 5659 698 5755 55555555]
721 5663 768 5727 sic
790 5661 837 5727 554
859 5666 1034 5730 catenenso
1056 5662 1181 5748 reliqui,
1204 5663 1300 5730 etiam
1316 5665 1379 5748 E1,
1402 5670 1575 5733 5545555555
1591 5665 1667 5732 14Μ
