4538 6420
933 398 1220 457 Protheonem.
1836 409 1901 464 XIX

246 565 305 630 sed
328 568 454 633 omissis
475 568 539 635 hoc
560 572 631 636 loco
656 571 940 659 chronographicis
963 578 997 637 et
1019 575 1208 660 sepulturis,
1231 577 1352 663 quippe
1379 576 1421 642 da
1444 577 1560 664 quibus
1582 599 1727 644 seorsum
1755 581 1900 668 dispute-

247 677 299 736 tur
324 673 484 759 capitibus
507 675 601 740 tertio
631 681 666 741 et
689 681 813 762 quarto.
859 675 940 743 Sunt
962 683 1071 743 autem
1096 681 1259 745 clementa
1281 680 1337 745 illa
1360 687 1393 746 et
1415 703 1520 768 pauca
1544 688 1577 747 et
1599 704 1718 769 magna
1741 693 1901 772 exparte

247 782 408 862 suspecta,
431 783 467 842 ut
482 783 548 842 tam
564 779 633 842 eius
649 781 722 844 1111
737 799 845 845 rerum
867 782 1049 867 ignorantia
1065 803 1161 868 quam
1183 785 1347 870 scriptoria
1369 786 1456 850 mala
1471 786 1558 851 fraus
1582 793 1760 873 pertulum
1783 789 1900 855 librum
2004 863 2007 866 ,

248 881 370 966 spirent
393 887 426 946 et
448 880 661 948 dominentur.

350 984 376 1051 L
410 984 462 1050 De
493 985 655 1072 Cypriane
684 987 837 1073 episcopo
868 986 1126 1074 Carthaginiensi
1153 1011 1237 1076 quae
1265 991 1436 1056 traduntur
1464 993 1497 1057 in
1525 995 1590 1058 vita
1618 993 1759 1061 Cornelii
1783 999 1826 1084 (p.
1844 997 1901 1084 29)

249 1090 308 1153 etsi
342 1109 419 1154 vora
451 1095 525 1154 sunt
558 1089 662 1177 (certe
698 1090 840 1157 Celerini
872 1094 1002 1158 lectoris
1037 1095 1195 1181 epistulae
1231 1095 1384 1182 Cypriani
1418 1097 1539 1183 passim
1568 1098 1814 1186 meminerunt),
1837 1122 1901 1166 non

249 1193 378 1257 veniunt
401 1214 444 1258 ex
466 1193 565 1280 ipsius
582 1193 735 1281 Cypriani
757 1195 893 1281 scriptis,
917 1196 976 1261 sed
999 1217 1042 1262 ex
1056 1199 1205 1284 passione
1222 1197 1375 1265 Cornelii.
1419 1199 1495 1265 Non
1517 1206 1606 1265 reete
1621 1202 1719 1286 igitur
1733 1224 1753 1266 a
1768 1203 1901 1270 Schele-

247 1299 358 1362 stratio
382 1297 462 1383 (ent.
487 1300 565 1365 eccl.
585 1297 706 1385 1‚396)
731 1297 911 1385 Cyprianus
933 1302 1072 1366 refertur
1092 1303 1177 1368 inter
1199 1309 1349 1369 auctores
1378 1325 1398 1368 1
1428 1305 1585 1391 scriptore
1607 1304 1681 1370 libri
1702 1306 1901 1373 Pontificalis

234 1408 427 1486 usurpatos.

347 1505 391 1570 ΙΙ.
422 1505 614 1592 Hieronymi
636 1505 753 1570 librum
776 1506 817 1571 dc
841 1508 915 1573 viris
937 1509 1114 1574 illustribus
1136 1517 1249 1575 auctor
1271 1511 1419 1576 adhibuit
1440 1511 1483 1576 ad
1499 1511 1601 1576 uitam
1617 1512 1707 1578 Petri
1723 1511 1768 1600 (p.
1786 1516 1900 1602 haeq.)

246 1615 279 1672 ct
301 1608 478 1675 Clementis
501 1612 546 1696 (p.
564 1611 630 1692 11)
655 1615 688 1675 et
710 1609 851 1676 Victoris
874 1609 923 1697 (p.
944 1615 991 1693 ta,
1005 1611 1041 1696 1),
1065 1613 1338 1678 continuationem
1361 1614 1608 1680 Gennadianam
1631 1616 1664 1681 in
1686 1617 1754 1680 vita
1777 1616 1901 1683 Gelasii

246 1719 290 1800 lp.
312 1713 443 1801 117,11).
479 1713 638 1780 Notitiam
662 1735 736 1780 eum
758 1714 911 1780 habuisse
935 1717 1119 1782 commercii
1141 1717 1299 1803 epistolici
1321 1719 1406 1782 inter
1422 1718 1656 1805 Hieronymum
1673 1725 1706 1784 ct
1722 1720 1901 1785 Damasum

246 1825 279 1881 et
302 1821 501 1905 expressisse
524 1819 557 1884 in
580 1818 725 1904 epistulis
748 1819 952 1904 praelatoriis
975 1839 1042 1902 eas,
1067 1841 1150 1906 qnae
1173 1819 1374 1905 praecedunt
1388 1823 1654 1906 martyrologium
1669 1821 1897 1910 Hieronymia-

244 1941 336 2004 num,
366 1943 464 2008 snpra
488 1923 534 2008 (p.
550 1920 600 1986 XI
623 1920 712 2007 adn.)
739 1921 876 1986 ostendi.
921 1921 970 1988 Eo
1000 1923 1248 2008 martyrologio,
1282 1925 1370 1988 cuius
1402 1925 1470 1988 sine
1505 1923 1603 1990 dubio
1633 1946 1698 1990 non
1727 1927 1818 1992 novit
1839 1928 1901 1992 nisi

245 2025 381 2089 sormam
404 2025 502 2090 hodie
519 2031 687 2091 extantem
705 2026 915 2112 spitametam
932 2033 967 2090 et
988 2027 1217 2113 interpolatam
1240 2029 1454 2114 antiquiorem
1470 2028 1629 2114 Gregorio
1644 2050 1763 2114 magno
1785 2032 1853 2116 (ep.
1871 2035 1901 2113 8,

245 2132 285 2195 28
302 2126 392 2216 [29)),
420 2136 532 2195 auctor
560 2151 636 2195 usus
664 2135 714 2194 est
736 2151 925 2218 perperam,
953 2137 990 2194 ut
1012 2133 1113 2214 solet,
1141 2132 1175 2196 iu
1198 2131 1387 2196 Alexandro
1411 2130 1477 2217 (10,
1495 2131 1545 2217 l);
1569 2132 1610 2197 de
1634 2131 1766 2199 Urbano
1790 2143 1899 2200 autem

244 2231 363 2319 (113)
391 2255 464 2298 com
493 2241 606 2300 auctor
633 2235 784 2322 princeps
815 2236 916 2300 evitet
945 2255 1089 2300 errorem
1121 2236 1155 2300 in
1188 2236 1420 2322 martyrologio
1448 2256 1488 2302 1ο
1520 2238 1724 2302 commissum
1754 2238 1899 2326 (dequo

242 2337 326 2402 inlra
349 2337 491 2404 dicemus
513 2339 675 2424 incapite
699 2337 740 2403 de
763 2338 961 2424 sepulturis),
985 2340 1090 2405 locum
1114 2340 1244 2404 aliunde
1268 2339 1455 2427 desumpsit.

347 2441 410 2507 III.
440 2441 548 2508 Rufini
569 2442 807 2527 recognitiones
822 2441 1190 2527 pseudo-Clemcndnac
1208 2445 1372 2530 expilatae
1397 2448 1470 2508 sunt
1493 2445 1525 2508 in
1541 2445 1615 2510 vitis
1631 2443 1721 2510 Petri
1737 2443 1783 2530 (p.
1802 2448 1900 2528 3,1-

245 2552 276 2626 l,
292 2549 317 2629 a)
341 2551 374 2611 et
398 2545 575 2611 Clementis
597 2543 850 2632 (p.7,1.s-1s),
874 2566 1011 2631 quorum
1035 2552 1263 2633 excerptorum
1294 2569 1370 2634 pars
1394 2549 1530 2612 11111111
1554 2550 1690 2614 accessit
1713 2548 1845 2614 demum
1868 2551 1900 2614 in

132 2675 136 2688 ·
247 2649 389 2716 editione
412 2652 606 2736 posteriore.

346 2755 405 2821 IV.
438 2754 587 2841 Dionysii
603 2756 729 2840 cyclum
746 2755 932 2841 paschalem
948 2755 1128 2821 adhibitum
1151 2777 1224 2820 esse
1247 2757 1279 2820 in
1295 2757 1381 2821 vitae
1393 2755 1532 2821 Victoris
1549 2755 1594 2843 (p.
1610 2757 1693 2840 19,1)
1709 2757 1898 2822 recensione

245 2858 387 2923 secunda
418 2859 530 2923 statuit
551 2857 755 2924 Duchesniua
783 2857 859 2944 (vol.
888 2865 901 2923 1
934 2880 966 2945 p.
982 2859 1118 2943 LXIII),
1147 2880 1212 2924 non
1243 2866 1350 2934 reete;
1384 2861 1474 2926 locos
1501 2879 1579 2925 vere
1607 2859 1710 2924 adid
1738 2867 1836 2946 caput
1858 2861 1899 2925 ab

244 2969 375 3028 auctore
407 2961 595 3049 adsumptos
621 2983 679 3028 nos
706 2963 751 3028 ibi
781 2961 1013 3028 adnotavimus.
1063 2962 1166 3028 Multo
1195 2965 1299 3028 minus
1328 2962 1437 3028 eidem
1465 2962 1598 3028 concedi
1628 2965 1749 3050 poterit
1777 2966 1901 3031 auctori

242 3074 355 3131 notum
381 3067 481 3131 fuisse
509 3066 634 3152 cyclum
656 3066 876 3132 Victorianum
903 3073 1080 3153 propterea
1107 3066 1324 3150 solummodo,
1356 3065 1444 3154 quod
1470 3068 1616 3132 recensio
1646 3069 1750 3154 prima
1782 3089 1901 3134 nomen

243 3170 528 3257 ponit'lhecphili
550 3169 764 3234 Alexandrini
787 3175 822 3234 ut
844 3170 1024 3234 aVictoric
1047 3171 1093 3235 ita
1116 3192 1135 3235 e
1159 3171 1413 3257 chronographis
1436 3171 1585 3244 omnibus
1608 3174 1861 3237 commemorati.

345 3274 386 3338 V.
418 3273 578 3339 Chronica
591 3272 706 3338 Italica
729 3275 876 3360 scriptori
899 3273 941 3338 ad
964 3294 1076 3338 manus
1099 3275 1196 3339 luisse
1213 3274 1316 3340 videri
1336 3295 1435 3360 supra
1456 3275 1522 3339 iem
1538 3273 1584 3360 (p.
1597 3273 1694 3358 XVI)
1711 3276 1900 3360 significavi.

242 3378 375 3443 Scilicet
396 3377 538 3443 11111111
560 3379 786 3466 episcopcrum
811 3379 865 3464 qui
888 3378 1017 3442 fuerunt
1032 3385 1108 3444 ante
1125 3377 1404 3444 ConstantinumI
1427 3399 1535 3442 rerum
1557 3379 1759 3464 publicarum
1774 3377 1897 3443 Roma·

240 3503 353 3547 narum
377 3483 569 3568 scriptorem
589 3482 713 3546 nullum
735 3480 916 3547 adhibitum
939 3502 1010 3547 esse
1034 3503 1106 3547 cum
1129 3489 1298 3569 appareat,
1322 3488 1497 3568 eapropter
1519 3483 1659 3564 omnino,
1684 3482 1771 3568 quod
1787 3503 1898 3547 eorum

240 3592 422 3672 temporum
441 3591 589 3651 auctores
605 3584 860 3650 Christianorum
874 3586 1010 3671 putandi
1032 3591 1106 3650 sunt
1128 3606 1200 3650 raro
1217 3586 1411 3668 meminisse,
1435 3584 1642 3650 secerdotum
1661 3593 1771 3651 eutem
1787 3607 1898 3650 eorum

240 3692 370 3756 nomina
392 3691 447 3755 vix
475 3689 541 3754 ulla
570 3689 732 3774 posuisse,
762 3695 934 3775 postquam
959 3688 1133 3753 Christiani
1161 3709 1277 3776 pacem
1305 3709 1401 3774 quam
1426 3687 1553 3772 dicunt,
1576 3688 1610 3753 id
1634 3695 1684 3753 est
1706 3689 1899 3754 dominatio-

240 3815 315 3858 nem
341 3794 454 3880 adepti
480 3797 568 3876 sunt,
598 3813 705 3858 rerum
735 3793 907 3879 scriptores
936 3791 978 3856 ad
1009 3812 1121 3856 eorum
1150 3813 1203 3856 res
1225 3791 1478 3877 sacerdotesque
1511 3790 1681 3858 attendero
1707 3793 1898 3875 debuerunt,

240 3900 358 3985 quique
381 3898 520 3983 septimo
543 3897 674 3962 saeculo
696 3903 790 3983 geste
813 3898 1037 3983 episcoporum
1059 3895 1280 3962 Romanorum
1302 3897 1506 3983 explicabat,
1534 3897 1622 3960 nullo
1646 3896 1744 3961 modo
1767 3895 1801 3960 id
1823 3917 1898 3982 per-

239 4001 335 4067 licere
350 4003 456 4087 potuit
470 4001 531 4065 nisi
546 4000 725 4087 adsumptis
740 4001 908 4065 annalibus
925 3999 1154 4066 saecularibus.
1187 4000 1284 4082 Vere,
1307 4007 1455 4086 utsupra
1470 3999 1515 4085 (p.
1526 3998 1641 4086 XVII)
1668 3999 1744 4083 dixi,
1761 4001 1900 4086 vestigia

240 4127 351 4171 eorum
375 4104 661 4191 deprehenduntur
678 4111 711 4169 et
726 4125 786 4191 per
800 4109 950 4190 tempora
966 4103 1198 4169 Constantiana
1219 4104 1252 4168 in
1268 4105 1335 4169 vita
1349 4103 1473 4168 Liberii
1496 4107 1529 4167 et
1552 4103 1652 4168 etiam
1676 4105 1815 4168 certiora
1837 4125 1897 4190 per

238 4216 387 4296 tempora
400 4208 657 4274 Theodericiana
678 4209 724 4273 ita
745 4208 944 4295 perturbata,
966 4213 1003 4272 ot
1020 4229 1085 4272 non
1102 4229 1145 4272 ex
1167 4208 1296 4294 aequali
1318 4207 1475 4272 memoria
1497 4206 1699 4272 descendere
1715 4207 1896 4289 videantur,

238 4313 298 4378 sed
320 4334 363 4378 111
385 4313 467 4378 libro
490 4313 598 4399 aliquo
614 4314 733 4399 scripto
749 4313 899 4399 imperite
916 4313 1070 4400 expilata.
1110 4310 1231 4384 Quales
1253 4313 1387 4376 annales
1402 4316 1516 4376 auctor
1529 4310 1757 4398 adsumpserit,
1782 4333 1896 4400 parum

237 4418 341 4505 liquet
363 4422 496 4504 propter
518 4417 617 4503 ipsius
640 4417 800 4482 silentium
824 4422 858 4481 et
878 4416 1104 4502 imperfectam
1126 4421 1270 4481 nostram
1293 4415 1335 4481 de
1359 4415 1427 4480 eius
1444 4415 1560 4480 aetatis
1576 4415 1785 4502 scriptoribus
1807 4416 1893 4480 noti-

238 4522 330 4594 tiam;
361 4519 420 4585 sed
448 4526 559 4585 tamen
584 4519 626 4584 de
653 4520 692 4584 111
719 4540 802 4607 quae
830 4519 1017 4584 rescivimus
1047 4519 1101 4605 qui
1128 4518 1299 4605 expendit,
1331 4519 1364 4584 in
1387 4519 1541 4604 scriptore
1565 4519 1686 4582 saeculi
1709 4519 1839 4604 septimi
1861 4519 1896 4582 in

237 4623 333 4688 Italia
355 4623 496 4711 degente
520 4623 676 4709 cogitabit
698 4624 739 4689 de
756 4623 923 4706 chronicis,
947 4644 1083 4710 quorum
1105 4623 1259 4709 reliquias
1283 4623 1342 4688 sub
1358 4623 1452 4688 titulo
1476 4622 1693 4688 consularium
1709 4620 1895 4687 Italicorum

238 4747 296 4792 nos
318 4727 556 4815 composuimus
585 4727 706 4810 (chron.
728 4729 805 4794 min.
829 4730 892 4794 vol.
910 4728 927 4792 Ι
948 4748 981 4813 p.
998 4727 1198 4812 ata—339),
1222 4727 1292 4792 luae
1316 4747 1368 4791 res
1390 4726 1595 4791 narrantibus
1619 4731 1653 4790 et
1675 4746 1734 4812 per
1758 4745 1798 4790 11
1822 4745 1894 4790 111-

238 4833 311 4897 cula
325 4832 391 4897 late
407 4832 535 4919 sparsis.
568 4831 716 4913 Accedit,
739 4832 827 4919 quod
843 4833 1057 4898 consularium
1080 4851 1193 4897 eorum
1215 4832 1285 4896 sola
1306 4831 1465 4917 particula
1487 4831 1584 4917 plene
1606 4836 1747 4913 servata,
1772 4830 1895 4894 scilicet

237 4934 402 5022 Anonymi
415 4935 583 5000 Valesiani
605 4955 702 5021 quam
725 4935 932 5022 dicuntpars
957 4936 1118 5022 posterior
1140 4939 1291 5021 spectans
1314 4934 1357 4999 ad
1384 4941 1532 5021 tempora
1555 4933 1828 5017 Theodericiana,
1861 4939 1895 4998 et

236 5040 269 5104 in
292 5040 389 5105 rebus
412 5045 446 5104 et
466 5041 500 5104 in
520 5039 598 5126 ipsis
618 5039 726 5104 verbis
749 5041 899 5105 convenit
922 5060 993 5106 cum
1015 5041 1082 5104 1111
1105 5038 1290 5104 IohannisI
1313 5039 1359 5124 (p.
1377 5041 1436 5104 133
1446 5037 1542 5125 seq).
1584 5038 1701 5124 Itaque
1726 5037 1787 5102 etsi
1810 5057 1893 5124 quae

238 5141 279 5209 de
302 5149 388 5208 statu
410 5163 518 5208 rerum
540 5143 670 5228 publico
693 5143 845 5228 ingestis
866 5143 1100 5230 antiquioribus
1122 5142 1327 5230 reperiuntur
1342 5141 1471 5206 aliunde
1495 5161 1624 5227 quoqne
1648 5141 1774 5206 desumi
1796 5146 1892 5227 potu·

237 5253 340 5330 amnt,
362 5248 452 5312 inre
473 5249 597 5312 incerta
619 5245 660 5310 de
679 5244 800 5310 Italicis
822 5247 1025 5331 potissimum
1048 5245 1204 5311 chronicis
1228 5246 1413 5310 coniectura
1436 5243 1588 5309 facienda
1610 5244 1681 5308 erit.
1708 5279 1747 5290 -
1773 5242 1894 5308 Contra

235 5351 322 5416 11111
346 5351 572 5438 episcopcrum
594 5352 715 5416 saeculi
731 5350 861 5436 septimi
875 5351 995 5436 passim
1010 5371 1088 5437 pree
1104 5370 1140 5414 se
1162 5350 1270 5415 serunt
1292 5351 1484 5436 scriptorum
1507 5348 1690 5435 aequalium
1707 5347 1893 5413 1111111111

237 5461 271 5520 11
296 5455 390 5529 vitia;
424 5456 508 5520 inter
535 5451 635 5520 haec'
650 5457 772 5520 eminet
802 5455 963 5520 silentium
995 5455 1170 5520 admodum
1201 5454 1356 5540 eloquens
1385 5453 1427 5518 de
1456 5453 1586 5519 haeresi
1616 5472 1723 5538 papae
1752 5451 1890 5517 Honorii

237 5559 291 5645 (cl.
313 5557 484 5644 Ddllinger
506 5558 714 5642 Pupstfabeln
735 5582 767 5646 p.
788 5562 846 5624 163
863 5564 959 5646 seq),
989 5580 1183 5647 quamquam
1207 5559 1371 5624 damnatio
1395 5558 1464 5624 eius
1490 5563 1625 5643 propter
1647 5555 1835 5622 eam'fecta
1858 5557 1891 5620 in

237 5663 369 5728 concilio
394 5661 746 5750 Constantinopolitano
769 5683 833 5728 uno
856 5666 957 5731 verbo
980 5664 1178 5750 significatur
1201 5667 1245 5750 (p.
1263 5667 1336 5746 200,
1348 5661 1396 5744 11).
