4538 6420
399 400 521 455 XXVIII
1091 395 1376 452 recensoribus.

400 575 463 640 hoc
492 575 565 640 loco
592 572 751 638 tractandi
784 577 873 655 sunt,
906 570 965 636 sed
994 573 1234 638 commentariis
1263 569 1459 652 illustrandi,
1494 569 1527 635 id
1561 569 1648 658 qnod
1681 567 1885 634 Dnchesnius
1922 569 2056 655 egregio

402 679 607 765 (praesertim
637 679 732 744 voli
762 697 793 762 p.
812 675 1073 760 CXL-CLIV)
1102 676 1249 763 perfecit.
1294 677 1401 740 Unum
1432 675 1517 740 addo
1547 675 1674 738 omnino
1706 671 1956 758 comparandam
1986 695 2058 738 csse

402 783 545 848 chartam
568 781 770 846 Tiburtinam
793 781 943 866 scriptam
968 801 997 846 a.
1016 783 1078 845 487
1103 781 1137 865 (l.
1154 801 1181 846 c.
1204 778 1727 866 admurmurationibus
1750 777 1956 844 simillimam.

504 902 595 967 XIV.
624 901 774 987 Denique
797 902 887 966 varia
909 908 1082 988 praeterea
1104 903 1137 966 in
1159 902 1242 966 vitas
1264 901 1377 980 relata,
1401 908 1507 966 tarrae
1530 904 1635 964 motus
1658 904 1692 964 et
1714 898 1852 985 eclipses
1876 905 1911 964 et
1932 899 2058 982 similia,

401 1007 555 1072 libromm
584 1008 775 1093 scriptorum
805 1005 858 1070 hic
886 1005 952 1070 illic
977 1007 1093 1071 notitia
1122 1006 1259 1088 inserta,
1288 1005 1543 1086 haereticorum,
1574 1004 1766 1087 praesertim
1795 1001 2058 1068 Manichaeorum

402 1111 659 1196 persecutiones,
689 1109 807 1175 iudicia
835 1108 876 1174 de
910 1109 1137 1196 episcoporum
1159 1109 1317 1192 moribus,
1341 1129 1424 1194 quae
1447 1128 1512 1172 non
1535 1111 1726 1194 comparent
1754 1113 1829 1171 ante
1853 1106 2019 1173 Gelasium
2041 1107 2059 1172 I

403 1214 490 1298 (116,
504 1215 556 1299 a),
588 1215 622 1278 in
655 1214 717 1280 hac
750 1211 988 1278 introductione
1021 1219 1057 1278 ut
1083 1218 1274 1294 tractentur,
1308 1233 1373 1276 non
1405 1211 1586 1298 requiritur.
1640 1209 1786 1276 Externa
1821 1231 1893 1274 cum
1925 1231 2057 1297 perraro

402 1324 586 1403 tangantur,
608 1318 765 1384 mirabilis
789 1337 867 1382 sane
890 1317 1007 1382 accidit
1030 1318 1146 1382 notitia
1169 1317 1209 1382 de
1226 1337 1305 1403 rege
1321 1317 1549 1382 Britannorum
1564 1314 1666 1380 Lucio
1683 1315 1863 1400 imperante
1879 1312 2058 1379 Commodo

402 1421 489 1486 facto
513 1421 694 1487 Christiano
718 1418 786 1508 (17,
803 1420 841 1507 ι),
872 1441 968 1507 quam
995 1427 1104 1486 tamen
1132 1421 1174 1486 ad
1202 1427 1367 1486 auctorem
1389 1419 1587 1486 Pontificalis
1614 1418 1687 1484 libri
1710 1416 1816 1482 redire
1841 1425 1875 1482 et
1896 1415 2059 1482 Britannis

403 1547 446 1590 ex
474 1547 513 1590 eo
542 1525 672 1590 demum
699 1525 875 1590 innotuisse
905 1525 969 1590 alio
1000 1525 1073 1590 loco
1102 1525 1227 1611 (chron.
1249 1526 1324 1590 min.
1348 1525 1447 1590 volit
1471 1545 1503 1610 p.
1526 1527 1583 1588 115
1611 1520 1654 1587 ad
1682 1521 1848 1586 historiam
1877 1520 2059 1586 Brittonum

402 1627 620 1714 Nannianam)
645 1629 874 1694 demonstravi.

930 2191 1155 2288 CAPVT
1198 2191 1533 2288 TERTIVM.

706 2403 830 2471 cano
853 2404 911 2470 nn
936 2403 1101 2470 aarum
1123 2403 1442 2471 nersooeonvu
1464 2401 1764 2470 nouanonvu.

508 2541 647 2606 Nomina
670 2543 896 2628 cpiscoporum
919 2543 1008 2608 urbis
1032 2543 1159 2609 Romae
1182 2564 1255 2608 cnm
1278 2545 1390 2630 spatiis
1412 2543 1654 2634 episcopatuum
1682 2547 1814 2628 praeter
1836 2561 1937 2606 annos
1962 2541 2061 2606 etiarn

404 2667 533 2710 menses
557 2644 691 2732 diesque
715 2645 964 2728 enuntiantibus,
989 2667 1073 2734 quae
1090 2647 1172 2712 libro
1188 2647 1371 2713 Pontificali
1386 2629 1445 2733 pio
1462 2646 1674 2712 fundamento
1690 2651 1773 2728 sunt,
1799 2643 1886 2710 unde
1901 2645 2060 2728 venerint,

404 2749 501 2816 hodie
530 2751 734 2837 exploratum
762 2756 820 2817 est.
867 2751 997 2816 Scilicet
1028 2751 1206 2816 extiterunt
1233 2752 1366 2839 antiquo
1398 2756 1547 2838 tempore
1577 2755 1610 2815 et
1641 2755 1755 2814 extant
1786 2749 1892 2815 adhuc
1914 2750 2062 2814 laterculi

406 2855 632 2941 episcoporum
656 2853 718 2918 duo
735 2853 852 2918 Latine
875 2855 985 2940 scripti
996 2855 1032 2940 ¹),
1057 2875 1193 2942 quorum
1215 2860 1387 2940 utnrmque
1408 2853 1625 2920 adhibuerunt
1647 2855 1702 2940 qui
1723 2853 1842 2920 librum
1863 2855 1949 2920 hunc
1971 2876 2060 2921 com·

404 2959 546 3044 pilarunt
569 2963 783 3022 auxemntac.
829 2955 912 3022 Sunt
933 2965 1043 3024 autem
1066 2959 1110 3024 hi.

512 3085 537 3144 1.
569 3079 761 3144 Liberianus
790 3078 844 3165 qui
867 3077 999 3163 dicitnr,
1026 3080 1180 3161 insertus,
1212 3085 1371 3166 utsupra
1401 3077 1446 3166 (p.
1462 3077 1561 3163 VIII)
1595 3077 1749 3161 diximum
1781 3079 2061 3167 chronographiae

404 3184 549 3248 urbanae
575 3183 713 3270 scriptae
736 3202 765 3246 a.
788 3203 820 3268 p.
845 3181 919 3248 (ihr.
936 3186 998 3248 354
1031 3185 1211 3270 imperante
1241 3183 1431 3250 Constantio
1455 3182 1489 3248 Π
1515 3182 1575 3248 sub
1609 3183 1763 3270 episcopo
1796 3184 1885 3249 urbis
1918 3185 2062 3266 Liberis,

404 3287 506 3353 habet
531 3293 663 3374 praeter
686 3287 910 3372 cpiscoporum
935 3287 1065 3352 nomina
1089 3308 1266 3375 eorumque
1289 3309 1389 3354 annos
1411 3308 1541 3353 menses
1565 3285 1634 3351 dies
1658 3285 1886 3354 adnotationes
1903 3288 2060 3376 quasdam

404 3411 514 3456 rerum
544 3390 818 3472 memorabilium,
850 3389 993 3456 medinm
1024 3391 1071 3457 ita
1101 3392 1208 3457 locum
1236 3397 1351 3456 tenens
1376 3393 1461 3458 inter
1491 3392 1682 3457 laterculum
1705 3397 1739 3457 et
1762 3393 2062 3480 chronographiam.

405 3494 502 3560 Hunc
525 3494 722 3560 Pontihoalis
744 3492 882 3558 totidem
906 3494 975 3559 lere
998 3495 1106 3560 verbis
1130 3500 1164 3560 et
1185 3495 1240 3578 ita,
1264 3501 1302 3560 ut
1323 3495 1450 3581 singula
1473 3496 1580 3582 capita
1603 3496 1644 3561 ah
1668 3495 1756 3561 hisce
1780 3499 1942 3583 excerptis
1966 3496 2063 3563 ordiri

406 3599 541 3678 soleant,
566 3619 623 3663 suo
642 3599 797 3663 volumini
819 3599 963 3665 inseruit.
1001 3597 1070 3664 Nos
1091 3599 1211 3664 eumin
1233 3600 1295 3665 hac
1317 3601 1518 3687 praelatione
1533 3621 1599 3666 non
1613 3601 1832 3687 repetivimus,
1856 3601 1916 3668 sed
1931 3603 2064 3690 singulis

404 3705 476 3768 ritis
499 3725 582 3790 qnae
604 3705 638 3768 in
660 3701 819 3788 Catalogo
842 3702 1041 3790 respondent
1062 3704 1319 3792 subscripsimus.

510 3827 539 3889 2.
570 3822 677 3889 Index
700 3844 802 3911 quem
821 3846 881 3889 nos
903 3845 1126 3912 nuncupamus
1150 3833 1200 3892 est
1221 3828 1396 3893 laterculus
1418 3829 1545 3894 babens
1568 3833 1699 3914 praeter
1713 3827 1845 3892 nomina
1860 3829 1946 3894 solos
1962 3846 2064 3892 annos

406 3948 535 3993 mensos
569 3927 638 3992 diss
676 3928 898 4014 episcopatus,
932 3931 1112 3996 recensitus
1145 3931 1207 3996 hoc
1239 3932 1312 3996 loco
1341 3929 1384 3996 ad
1417 3930 1587 3997 duodecim
1615 3931 1816 4018 exemplaria
1848 3951 1927 3995 mox
1959 3929 2063 3996 nomi·

405 4029 560 4117 nanda2).
604 4031 815 4119 Exemplaria
845 4053 886 4098 ea
914 4035 1022 4099 omnia
1051 4033 1158 4100 redire
1186 4034 1229 4100 ad
1258 4056 1357 4101 nuum
1386 4035 1538 4123 idemque
1568 4035 1779 4122 archetypum
1807 4035 1969 4121 colligitur
1991 4055 2063 4100 cnm

407 4157 450 4201 ex
477 4156 636 4201 consensu
664 4157 774 4201 eorum
811 4136 845 4200 in
873 4137 1056 4203 nominibus
1086 4144 1119 4204 et
1145 4137 1288 4204 humens
1316 4139 1495 4226 plerisque,
1524 4146 1592 4204 tum
1622 4140 1823 4226 potissimum
1854 4139 1945 4222 inde,
1978 4136 2065 4226 quod

405 4241 439 4305 in
461 4239 572 4305 Indice
596 4240 659 4304 hoc
683 4239 875 4327 (composito
900 4240 1029 4307 omnino
1052 4243 1199 4307 utilitatis
1222 4241 1328 4307 studio
1351 4244 1475 4309 maiore
1496 4264 1592 4330 quam
1607 4244 1752 4308 veritatis
1775 4242 1818 4308 ad
1840 4241 2062 4309 illustrandam

408 4345 681 4411 continuationem
712 4344 852 4410 Romani
885 4346 1091 4432 episcopatus
1119 4347 1161 4411 ab
1188 4347 1260 4433 ipsa
1290 4346 1414 4432 origine
1442 4346 1484 4412 ad
1514 4346 1600 4412 diem
1630 4353 1838 4434 praesentem
1865 4368 1930 4412 non
1963 4348 2063 4414 inter-

407 4447 550 4536 ruptam)
585 4449 757 4514 schismata
790 4449 900 4514 omnia
931 4455 1198 4535 praetereuntur,
1233 4449 1293 4515 sed
1326 4449 1506 4516 admittitur
1539 4471 1604 4516 una
1637 4471 1709 4516 oum
1743 4449 1875 4516 Liberio
1909 4449 2004 4516 Felix
2028 4449 2064 4514 II

514 4657 535 4725 ²)
554 4657 689 4712 Chronicie
709 4658 927 4724 Hieronymum,
946 4659 1042 4726 quibus
1060 4659 1157 4712 inserta
1173 4665 1235 4712 runt
1252 4659 1430 4726 cpiscoporum
1442 4661 1616 4712 Romanorum
1632 4660 1735 4712 nomina
1753 4675 1812 4712 oum
1827 4660 1911 4726 annia,
1930 4659 1976 4712 sed
1989 4659 2065 4712 omis-

407 4747 443 4799 sis
461 4748 514 4798 lere
538 4746 670 4799 mensibus
688 4745 840 4812 diebusque,
858 4746 886 4797 in
903 4746 1049 4798 Pontificali
1065 4745 1131 4798 libro
1149 4746 1281 4798 formando
1299 4745 1388 4797 nullae
1406 4753 1491 4812 partes
1509 4747 1585 4798 datas
1602 4753 1671 4798 sunt
1707 4747 1889 4799 Tractabirnns
1907 4752 1997 4799 antem
2014 4745 2064 4797 hoc

407 4831 464 4884 loco
482 4849 534 4884 non
559 4833 736 4898 quaestionem
756 4831 934 4884 difficillimam
952 4839 978 4885 et
994 4833 1047 4885 late
1064 4839 1195 4900 patentem
1213 4831 1244 4884 de
1262 4832 1439 4899 opiscoporum
1451 4834 1625 4884 Romanorum
1637 4833 1737 4898 origine
1757 4839 1784 4884 et
1801 4833 1897 4897 ordine,
1916 4847 1995 4899 qnam
2013 4831 2065 4884 dno

408 4919 458 4969 viri
476 4919 573 4986 egregii
590 4919 725 4986 Lightt'oot
749 4919 801 4984 (tho
819 4919 945 4986 apostolic
957 4919 1076 4986 father,
1096 4919 1209 4972 olomeo
1229 4917 1308 4971 roll
1333 4935 1358 4986 p.
1371 4915 1421 4971 201
1432 4918 1481 4985 eq.)
1504 4927 1530 4971 et
1547 4919 1672 4972 Hernaclr
1695 4916 1757 4986 (act.
1775 4919 1866 4972 minor.
1888 4919 1963 4972 acad.
1981 4917 2065 4970 Berol.

408 5001 697 5072 alsoap.[617s0q.)
715 5005 831 5057 doctrina
849 5013 875 5057 et
891 5007 1034 5072 sagacitate
1058 5005 1108 5057 sibi
1129 5005 1232 5073 propria
1248 5021 1331 5072 nuper
1348 5004 1553 5057 elucidaverunt.
1589 5006 1692 5058 Utiliter
1713 5013 1846 5072 praeterea
1872 5004 2067 5057 adhihebnntur

407 5107 474 5158 quae
492 5091 523 5142 dc
541 5092 631 5159 spatiis
648 5092 825 5159 episcoporum
842 5093 962 5159 exposuit
974 5093 1140 5145 Ducheanius
1158 5093 1309 5159 praesertim
1327 5088 1406 5144 roll
1426 5109 1450 5160 p.
1463 5092 1632 5144 XVI-XXI.
1668 5093 1720 5144 Noe
1739 5092 1788 5144 hoc
1813 5091 1897 5143 solnm
1916 5089 1991 5142 nobis
2009 5105 2066 5156 pro·

407 5179 540 5244 posuimus
559 5178 701 5246 explorare,
718 5179 874 5243 quibusnam
891 5180 1041 5232 auctoribus
1059 5181 1087 5231 in
1104 5180 1194 5231 ordine
1210 5180 1389 5246 episcopcrum
1406 5179 1585 5232 constituendo
1603 5179 1745 5246 spatiisque
1770 5179 1966 5246 episcopatuum
1983 5177 2067 5229 deter-

408 5265 536 5318 minandis
554 5265 626 5317 iiusi
644 5265 696 5316 sint
712 5266 758 5331 qni
769 5266 948 5318 Pontificalcm
966 5266 1062 5319 librum
1080 5267 1226 5318 formarunt
1242 5272 1268 5318 et
1286 5267 1422 5318 formatum
1439 5273 1651 5334 recognoverunt.
1725 5263 1746 5332 ¹)
1765 5267 1849 5318 Etiam
1861 5266 1961 5318 Graece
1978 5261 2067 5330 scripti

408 5352 583 5420 episcoporum
600 5353 774 5404 Romanorum
791 5351 914 5418 catalogi,
938 5353 1035 5404 scilicet
1053 5353 1098 5420 qni
1119 5353 1171 5404 sint
1190 5353 1279 5419 scripti
1302 5359 1359 5420 post
1381 5353 1591 5416 Constantinum,
1616 5354 1728 5418 itemque
1748 5352 1837 5419 scripti
1862 5351 1954 5418 lingna
1979 5350 2067 5416 aliqua

408 5437 533 5490 Orientali
546 5455 579 5490 ex
590 5439 679 5491 eodem
691 5437 817 5490 laterculo
828 5437 927 5504 origine
937 5438 1036 5490 urbano
1050 5437 1177 5505 proficisci
1189 5437 1310 5490 videntur
1321 5439 1511 5506 admittuntque
1521 5439 1584 5491 licet
1594 5455 1647 5490 non
1659 5453 1747 5490 omnes
1759 5437 1870 5490 Felicem
1882 5439 1908 5488 Π
1920 5436 1964 5501 (cl'.
1976 5436 2068 5502 Light·

409 5525 462 5576 soor
478 5524 495 5576 l.
509 5540 532 5577 c.
550 5541 574 5592 p.
587 5521 639 5578 240
650 5541 704 5590 seq.
722 5520 774 5575 314
784 5539 837 5589 seq.
855 5519 927 5588 322).
962 5524 1012 5576 Sed
1029 5539 1089 5576 cunr
1107 5539 1207 5576 mensas
1225 5541 1284 5578 raro
1302 5525 1424 5592 habeant,
1448 5526 1502 5578 diss
1520 5541 1621 5592 semper
1637 5523 1763 5588 omittant,
1786 5523 1909 5576 hocloco
1927 5529 2068 5591 potnerunt

409 5610 500 5663 omitti.
527 5638 559 5646 -
586 5613 750 5664 Picturarnm
771 5611 869 5662 indices
891 5609 1016 5663 eooledac
1039 5611 1157 5664 urbanae
1179 5611 1262 5664 sancti
1278 5613 1355 5665 Pauli
1377 5611 1420 5678 (cl.
1433 5611 1573 5663 Dnchesne
1591 5610 1670 5664 roll
1694 5627 1719 5678 p.
1731 5611 1805 5661 XXV
1813 5627 1867 5677 seq.
1890 5609 1988 5662 LXXX
1997 5625 2067 5676 seq.;

408 5697 542 5766 Lightfoot
559 5699 576 5752 l.
588 5716 611 5752 c.
629 5717 654 5768 p.
667 5696 729 5768 318)
747 5714 764 5752 a
781 5699 855 5751 nobis
872 5699 1045 5766 praetermissi
1064 5706 1126 5752 sunt
1144 5707 1246 5768 propter
1263 5715 1371 5752 cauum
1389 5701 1458 5750 luha
1475 5697 1628 5766 expositam.
