4538 6420
893 396 1176 455 rnouueonnrta.

301 564 444 631 XXVII.
468 566 565 632 Felix
585 567 615 633 I:
638 567 671 632 in
695 568 862 653 cymiterio
885 591 944 636 suo
966 571 1021 637 ric
1041 570 1178 638 Aurelia
1199 573 1265 639 mil.
1280 574 1316 640 Π
1331 573 1409 658 FK,
1428 574 1576 642 amilimr
1590 576 1629 644 P.

285 671 445 736 XXVIII.
468 671 703 759 Eutychianus:
726 673 760 738 in
783 675 950 761 cymIterio
975 675 1099 742 Callisti
1121 677 1175 742 via
1196 677 1317 767 Appia.

265 775 442 841 XXVIIII.
466 773 583 841 Gaius:
606 777 640 842 in
662 778 829 864 cymiterio
855 780 979 846 Callisti
1001 783 1054 848 via
1076 783 1195 869 Appia.

336 878 444 945 XXX.
467 877 684 946 Marcellinus:
718 882 752 947 in
786 883 839 948 via
869 882 995 948 Salaria
1025 884 1059 948 in
1091 885 1258 972 cymiterio
1286 884 1455 952 Priscillae
1484 889 1518 953 in
1548 889 1730 955 cubiculum
1753 897 1808 956 cet.
1831 893 1864 956 in

261 1065 262 1068 Ἴ
466 988 579 1069 crypta
601 984 694 1050 iuxta
716 1007 831 1075 corpus
854 989 957 1053 saneti
980 987 1228 1054 crescentionis.

317 1087 442 1153 XXXI.
467 1087 653 1152 Marcellus:
676 1089 708 1154 in
732 1092 900 1177 cymiterio
923 1091 1091 1156 Priscillae
1113 1091 1167 1156 via
1190 1091 1324 1158 Salaria.

299 1191 440 1257 XXXII.
465 1191 639 1257 Eusebius:
664 1193 697 1257 in
720 1194 888 1279 cymiterio
913 1193 1038 1259 Callisti
1060 1193 1109 1280 (in
1132 1201 1245 1281 crypta
1268 1194 1342 1260 add.
1359 1194 1441 1282 ΙΙΙ)
1464 1197 1517 1262 via
1538 1197 1656 1285 Appia.

285 1297 444 1362 XXXIII,
468 1295 646 1362 Miltiades:
669 1298 703 1362 in
726 1298 893 1384 cymiterio
918 1298 1043 1365 Callisti
1066 1300 1119 1365 via
1139 1297 1249 1386 Appia
1272 1301 1317 1382 (in
1340 1306 1455 1387 crypta
1477 1301 1553 1368 add.
1568 1302 1659 1385 III).

264 1401 441 1466 XXXIIII.
466 1400 633 1465 Silvester:
658 1401 690 1466 in
713 1403 880 1489 cymiterio
902 1403 1071 1469 Priscillae
1094 1403 1147 1469 via
1170 1401 1295 1468 Salaria
1318 1405 1360 1470 ab
1382 1403 1463 1471 urbe
1486 1404 1592 1471 Roma
1614 1407 1679 1472 mil.
1696 1407 1756 1472 III.

301 1505 443 1570 XXXV.
465 1503 609 1570 Marcus:
632 1506 666 1571 in
688 1507 857 1593 cymiterio
879 1507 1039 1573 Balbinae
1061 1508 1115 1572 via
1136 1507 1326 1573 Ardeatina.

284 1609 441 1675 XXXVI.
464 1608 565 1674 Iulius
586 1609 616 1674 I:
641 1611 693 1676 ria
714 1611 850 1677 Aurelia
871 1612 904 1678 in
926 1613 1093 1698 cymiterio
1118 1610 1289 1699 Calepodii
1309 1613 1375 1678 mil.
1391 1613 1453 1681 III.

267 1713 442 1780 XXXVII.
465 1713 630 1779 Liberius:
655 1717 707 1780 ria
729 1715 855 1781 Salaria
876 1717 909 1780 iu
933 1719 1100 1803 cymiterio
1127 1717 1304 1784 Priscillae.

249 1818 442 1886 XXXVIII.
465 1817 561 1883 Felix
583 1818 632 1883 II:
656 1819 690 1883 in
711 1819 846 1886 basilica
869 1821 938 1885 eius
961 1821 1015 1887 via
1036 1821 1171 1887 Aurelia
1194 1822 1273 1907 (mil.
1291 1821 1326 1886 Π
1347 1819 1422 1888 add.
1435 1822 1485 1887 ΙΙ.
1503 1820 1595 1909 ΙΙΙ).

233 1923 442 1989 XXXVIIII.
466 1924 642 1988 Damasus:
665 1924 718 1988 ria
733 1921 915 1990 Ardeatina
936 1926 969 1990 in
989 1925 1123 1991 basilica
1138 1946 1197 1991 sua
1218 1927 1310 1991 iuxta
1332 1931 1469 1992 matrem
1493 1946 1585 1991 suam
1608 1931 1642 1990 et
1664 1946 1864 2012 germanam.

374 2027 444 2092 XL.
471 2027 619 2093 Siricius:
643 2029 675 2092 iu
699 2029 865 2114 cymiterio
888 2029 1057 2097 Priscillae
1079 2032 1133 2097 ria
1157 2030 1293 2097 Salaria.

354 2131 443 2197 XLI.
465 2131 657 2198 Anastasius
678 2133 710 2198 I:
733 2134 766 2198 in
789 2133 957 2220 cymiterio
980 2156 1038 2200 suo
1062 2134 1105 2200 ad
1126 2135 1246 2200 Ursum
1268 2135 1435 2221 pileatum.

335 2236 441 2301 XLII.
464 2235 671 2302 Innocentius
693 2238 724 2303 I:
747 2238 781 2303 in
804 2239 970 2325 cymiterio
993 2243 1066 2324 (ero.
1082 2239 1159 2305 PK
1175 2239 1253 2324 III)
1281 2237 1325 2304 ad
1346 2238 1465 2304 Ursum
1487 2239 1655 2326 pileatum.

319 2341 443 2408 XLIII.
466 2341 628 2406 Zosimus:
651 2342 704 2407 via
726 2341 896 2408 Tiburtina
917 2343 1009 2409 iuxta
1031 2364 1148 2430 corpus
1169 2344 1260 2410 beati
1281 2343 1449 2408 Laurentii
1470 2343 1630 2428 martyris.
1691 2385 1692 2390 .

302 2444 442 2513 XLIIII.
464 2445 646 2511 Bonifatius
668 2446 701 2511 I:
731 2447 765 2511 in
795 2447 963 2533 cymiterio
997 2454 1130 2514 sanctae
1159 2447 1337 2514 Felicitatis
1372 2448 1522 2534 martyris
1550 2447 1605 2512 ria
1636 2446 1763 2512 Salaria
1786 2443 1860 2509 FK.

466 2549 539 2632 III,
562 2551 615 2615 via
637 2548 763 2616 Salaria
784 2551 875 2616 iuxta
898 2572 1013 2638 cerpus
1035 2557 1168 2618 sanctae
1192 2542 1373 2618 Felicitatis
1394 2552 1545 2639 martyris
1559 2552 1589 2618 I.
1604 2550 1655 2618 ΙΙ.

339 2654 442 2721 XLV.
466 2653 687 2719 Caelestinus:
711 2655 744 2720 in
766 2655 932 2741 cymIterio
955 2655 1121 2722 Priscillae
1144 2657 1197 2722 ria
1220 2655 1357 2722 Salaria.

323 2759 441 2824 XLVI.
465 2757 588 2846 Xystus
609 2758 677 2823 III:
698 2759 751 2825 via
767 2758 937 2824 Tiburtina
958 2760 992 2824 in
1014 2766 1129 2848 crypta
1152 2760 1195 2826 ad
1211 2765 1358 2826 sanctum
1373 2759 1584 2824 Laurentium
1600 2757 1661 2846 (cic
1675 2756 1751 2835 ΕΚ,
1772 2756 1864 2820 iuxta

468 2883 584 2949 corpus
605 2862 695 2928 beati
716 2863 873 2929 Laurenti
888 2862 947 2948 P).

303 2966 440 3033 XLVII.
464 2966 534 3033 Leo
557 2966 587 3031 I:
622 2968 656 3031 in
685 2967 819 3034 basilica
847 2967 938 3033 beati
965 2967 1056 3034 Petri
1073 2969 1157 3053 ΓΚ,
1192 2968 1281 3056 apud
1309 2968 1443 3034 beatum
1469 2967 1605 3032 Petrum
1636 2964 1819 3052 apostolum
1834 2962 1867 3026 P

464 3071 561 3155 (rel),
583 3071 672 3158 apud
694 3072 862 3138 basilicam
884 3072 973 3137 beati
996 3073 1086 3138 Petri
1110 3074 1252 3161 apostoli
1270 3071 1379 3140 0⁸E1.

285 3176 438 3242 XLVIII.
462 3176 609 3242 Hilarus:
626 3175 669 3242 ad
684 3181 829 3242 sanctum
844 3176 1057 3244 Laurentium
1072 3179 1106 3243 in
1124 3185 1238 3266 crypta
1252 3179 1345 3244 iuxta
1361 3197 1477 3264 corpus
1491 3176 1582 3242 beati
1598 3174 1743 3262 episcopi
1757 3172 1862 3259 Xysti.

268 3281 440 3348 XLVIIII.
464 3281 663 3369 SimplIcius:
686 3280 729 3346 ad
751 3282 884 3348 beatum
900 3282 1034 3348 Petrum
1053 3281 1114 3368 (aie
1128 3283 1205 3362 ΕΚ,
1227 3283 1261 3348 in
1276 3283 1411 3349 basilica
1432 3282 1523 3348 beati
1538 3280 1629 3345 Petri
1651 3277 1790 3365 apostoli
1806 3275 1863 3360 P).

403 3386 441 3450 L.
463 3385 560 3452 Felix
574 3385 638 3452 111:
662 3385 749 3474 apud
765 3386 900 3451 beatum
916 3386 1055 3452 Paulum
1072 3386 1132 3473 (sic
1145 3387 1223 3467 FK,
1238 3388 1271 3452 in
1287 3388 1422 3454 basilica
1436 3386 1526 3452 beati
1541 3384 1635 3450 Pauli
1650 3382 1790 3469 apostoli
1805 3379 1862 3463 P).

387 3490 442 3557 LI.
468 3488 632 3556 Gelasius:
655 3490 745 3577 apud
767 3489 900 3556 beatum
922 3490 1058 3558 Petrum
1070 3491 1146 3576 ΕΚ,
1169 3492 1203 3557 in
1225 3492 1360 3558 basiIIca
1381 3490 1474 3557 beati
1495 3489 1587 3554 Petri
1609 3486 1750 3574 apostoli
1764 3485 1803 3550 P.

368 3595 440 3660 LII.
465 3593 655 3660 Anasmnus
677 3595 724 3660 II:
756 3594 843 3682 apud
873 3596 1008 3662 beatum
1031 3596 1164 3662 Petrum
1187 3597 1221 3661 in
1234 3595 1430 3662 Vatr'eanum
1444 3594 1530 3678 ΓΚ,
1557 3594 1591 3659 in
1619 3591 1755 3658 basilica
1772 3589 1863 3654 beati

464 3698 554 3766 Petri
575 3701 714 3786 apostoli
729 3698 768 3765 P.

350 3804 440 3871 LIII.
465 3803 693 3891 Symmachus:
718 3804 805 3893 apud
827 3806 961 3871 beatum
984 3805 1118 3870 Petrum
1132 3804 1209 3887 ΓΚ,
1232 3807 1265 3871 in
1286 3804 1422 3870 basilica
1443 3803 1534 3869 beati
1554 3801 1644 3866 Petri
1667 3798 1806 3886 apostoli
1822 3794 1863 3861 P.

336 3907 443 3974 LIIII.
467 3907 673 3974 Hormisdas:
705 3909 793 3996 apud
815 3909 948 3974 beatum
970 3908 1106 3974 Petrum
1118 3908 1201 3992 PK,
1232 3909 1266 3973 in
1287 3908 1421 3975 basilica
1442 3907 1532 3974 beati
1555 3905 1645 3970 Petri
1667 3901 1807 3990 apostoli
1822 3899 1861 3968 P.

372 4012 442 4078 LV.
465 4013 628 4081 Iohannes
643 4012 675 4078 I:
700 4033 817 4099 eorpus
833 4014 1023 4078 manslatum
1047 4012 1088 4078 de
1104 4011 1264 4079 Ravenna
1287 4018 1321 4078 et
1335 4013 1483 4098 sepultus
1498 4015 1549 4076 est
1569 4010 1603 4074 in
1616 4006 1751 4073 basilica
1772 4003 1862 4069 beati

465 4118 555 4184 Petri
577 4117 728 4204 apostoli.

352 4221 439 4286 LVI.
463 4221 559 4287 Felix
580 4221 663 4286 IIII:
685 4223 719 4287 ln
741 4221 877 4288 basilica
898 4221 989 4287 beati
1011 4220 1101 4286 Petri
1123 4220 1273 4306 apostoli.

335 4324 439 4390 LVII.
463 4325 644 4391 Bonifatius
665 4326 713 4391 II:
736 4327 770 4391 in
791 4326 927 4391 basilica
948 4325 1039 4390 beati
1056 4323 1151 4406 ¹Petri
1173 4325 1323 4413 apostoli.

320 4429 441 4496 LVIII.
464 4429 626 4495 Iohannes
648 4430 696 4495 II:
720 4430 753 4494 in
776 4430 909 4495 basilica
931 4430 1021 4494 beati
1043 4429 1135 4494 Petri
1158 4429 1306 4515 apostoli.

302 4534 440 4600 LVIIII.
462 4533 636 4620 Agapitus:
660 4535 851 4600 translatum
874 4535 907 4598 in
930 4533 1098 4598 basilicam
1121 4532 1212 4598 beati
1233 4532 1325 4598 Petri
1349 4530 1498 4618 apostoli.

369 4638 441 4706 LX
465 4637 632 4704 Silverius:
657 4639 802 4724 sepultus
824 4638 857 4702 in
881 4637 999 4702 eodem
1021 4638 1093 4702 loco
1115 4636 1163 4724 (in
1187 4635 1335 4722 Pontiis).

353 4742 442 4809 LXI.
464 4743 619 4828 Vigilius:
643 4763 758 4829 eorpus
782 4740 896 4808 duetus
920 4747 969 4806 est
991 4740 1146 4824 Romam,
1171 4741 1317 4828 sepultus
1347 4739 1389 4806 ad
1416 4744 1563 4805 sanctum
1591 4737 1782 4804 Marcellum
1809 4734 1862 4801 via

465 4845 591 4914 Salaria
615 4847 660 4931 (in
684 4847 852 4932 cymiterio
874 4845 1043 4911 Priscillae
1065 4845 1139 4910 acc.
1156 4843 1234 4934 ΕΙ).
1511 4873 1512 4878 ’

334 4949 439 5016 LXII.
464 4950 617 5036 Pelagius
639 4951 670 5016 I:
693 4951 727 5015 in
749 4950 884 5016 basilica
907 4950 996 5015 beati
1019 4950 1109 5015 Petri
1131 4949 1281 5036 apostoli.

317 5054 441 5120 LXIII.
465 5054 628 5119 Iohannes
648 5053 715 5118 III:
738 5055 772 5119 In
794 5053 930 5119 basilica
951 5053 1042 5118 beati
1064 5053 1154 5119 Petri
1176 5053 1329 5140 apostoli.

301 5158 441 5224 LXIIII.
465 5156 661 5223 Benedictus
683 5158 731 5223 H:
754 5158 788 5222 in
809 5158 944 5224 basiIIca
966 5157 1056 5224 beati
1078 5156 1169 5224 Petri
1192 5157 1333 5245 apostoli
1353 5157 1387 5222 in
1410 5155 1631 5224 secretarium.

339 5262 441 5328 LXV.
465 5260 621 5347 Pelagine
642 5261 691 5326 II:
716 5259 759 5326 ad
780 5261 913 5326 beatum
937 5262 1071 5327 Petrum
1094 5262 1287 5349 apostolum.

321 5366 441 5432 LXVI.
465 5366 641 5452 Gregorius
663 5366 692 5431 I:
722 5365 756 5430 in
779 5364 912 5432 basibca
934 5365 1025 5431 beati
1046 5365 1137 5431 Petri
1166 5365 1307 5453 apostoli
1336 5364 1392 5451 (ad
1414 5365 1547 5430 beatum
1569 5363 1705 5428 Petrum
1727 5363 1860 5448 aposto·

464 5472 532 5536 lum
546 5470 571 5535 I
572 5469 586 5555 l
610 5475 685 5535 ante
708 5469 928 5534 secretarium.

305 5575 444 5641 LXVII.
467 5574 675 5641 Sabinianus:
698 5574 732 5639 in
755 5573 895 5638 eeclesia
916 5572 1007 5639 beati
1029 5571 1121 5639 Petri
1143 5573 1292 5660 apostoli.

287 5679 443 5745 LXVIII.
466 5678 649 5744 Bonifatius
671 5678 736 5743 III:
760 5679 793 5743 in
817 5678 956 5744 ecclesia
976 5678 1067 5744 beati
1089 5677 1181 5743 Petri
1202 5677 1352 5764 apostoli.

308 5816 384 5855 amun
401 5814 574 5854 romulcam
591 5815 608 5855 l.
