4612 6436
875 451 877 454 ,
956 391 1241 450 PROLEGOMENA.
1788 404 1927 460 CXXXIX

272 563 495 648 Archetypum
520 565 609 625 certe
632 557 742 623 classis
766 555 928 621 secundae
951 553 1035 618 milla
1057 574 1227 619 numerum
1250 555 1428 642 signavisse
1451 556 1555 623 lomna
1577 565 1707 625 vetusta
1732 575 1775 630 α)
1798 583 1929 648 corrup-

272 669 359 733 telae
386 670 456 748 lua,
473 691 498 730 ιο
521 663 728 748 patefaciunt.
754 699 793 708 —
818 659 948 725 Menses
971 660 1040 723 lere
1064 657 1106 723 ad
1129 659 1294 744 antiquam
1318 662 1585 727 consuetudinem
1609 667 1753 730 enuntiat
1771 665 1926 753 Neapoli-

272 779 367 836 tanus
392 770 450 853 (ita
477 789 536 854 per
564 774 637 832 octo
667 767 788 852 primos
819 766 989 850 episcopos
1017 764 1062 827 sic
1084 763 1129 828 ibi
1153 770 1218 827 est:
1243 764 1308 828 ΙΙΙ
1327 763 1366 828 li.
1391 765 1561 830 Iulias-
1586 768 1677 834 VIII
1701 769 1731 833 k.
1758 769 1865 838 Oetab.
1890 809 1927 818 -

279 875 331 941 VI
340 875 369 939 lc.
385 873 469 938 Mat.
493 910 535 919 -
558 869 694 936 VIIII.
717 868 860 933 Decemb.
885 905 924 914 —-
949 867 1015 933 III
1026 867 1101 930 idus
1115 865 1181 933 Iul.
1206 905 1245 914 -
1270 867 1321 934 VI
1337 868 1367 932 lt.
1389 869 1533 936 Novemb.
1551 910 1591 920 -
1615 871 1647 935 V
1662 894 1764 938 monos
1786 873 1870 939 Mai.
1887 911 1928 922 -

198 953 204 969 '
272 980 338 1046 ιιι
364 999 437 1044 ιιι.
466 973 604 1060 apem
635 976 667 1038 ιι
700 973 812 1060 sparus
848 971 935 1036 ruem
968 972 1013 1035 uu
1047 972 1131 1036 solet
1164 971 1363 1058 compensas
1392 960 1439 1038 ιῖι
1461 962 1556 1040 -a
1577 1013 1619 1023 -
1640 963 1737 1044 a-.
1779 976 1930 1064 Denique

272 1084 410 1149 formula
438 1082 472 1146 in
499 1077 754 1145 ordinationibus
783 1077 877 1140 solita
905 1077 938 1140 in
969 1074 1094 1140 duobus
1125 1075 1213 1140 libris
1242 1077 1401 1161 primariis
1431 1079 1526 1144 scribi
1556 1081 1640 1146 solet
1655 1101 1717 1162 per
1737 1103 1840 1147 mcrase
1863 1082 1929 1166 (vel

265 1209 328 1270 per
348 1185 480 1270 memes)
512 1182 655 1248 Decemb.
707 1181 825 1266 Ego
817 1201 849 1244 ιιι
879 1179 929 1244 bis
958 1180 1149 1265 plerumque
1171 1180 1362 1265 compendia
1392 1183 1562 1249 sollemnia
1591 1186 1759 1270 posui-
1716 1186 1821 1251 -In
1843 1186 1928 1252 ordi-

271 1290 456 1356 nationibus
483 1294 516 1352 ct
544 1307 602 1372 pro
630 1305 777 1362 mamere,
806 1283 891 1369 quod
919 1290 1029 1346 tamen
1060 1283 1289 1348 amelioribus
1311 1284 1401 1350 libris
1434 1287 1550 1352 abesse
1574 1290 1667 1372 solet,
1690 1291 1820 1376 ponitur
1841 1311 1872 1355 ιι
1897 1297 1931 1356 et

272 1393 476 1460 sacerdotum
499 1410 621 1476 genera
642 1409 715 1453 raro
739 1387 980 1474 perscribuntur
1002 1388 1192 1473 plerumque
1208 1395 1320 1452 notata
1340 1390 1399 1453 sic:
1417 1391 1496 1471 prsb
1512 1391 1579 1478 (vel
1588 1394 1650 1474 psl>
1658 1393 1777 1480 pb)-
1735 1395 1930 1459 -diac-

272 1501 355 1581 episc
371 1497 572 1570 similiterve3
588 1494 670 1558 haec
687 1491 773 1558 edidi
791 1492 978 1578 perscripta,
996 1491 1111 1556 admitt
1084 1497 1169 1555 ttens
1186 1493 1375 1579 plemmque
1388 1494 1526 1559 formam
1538 1496 1707 1562 dracones
1698 1519 1731 1562 ιιι
1748 1499 1930 1564 accusativo

272 1605 404 1690 pluralis
427 1600 627 1686 frequentius
649 1602 849 1683 usurpatam.
896 1597 1072 1661 Praeterea
1105 1596 1161 1660 ubi
1190 1596 1397 1662 diaconorum
1431 1600 1623 1665 vocabulum
1651 1604 1812 1668 invenitur
1835 1624 1931 1690 quam

273 1706 523 1772 declinationem
546 1709 710 1788 sequatur,
735 1707 892 1787 quatenus
908 1701 1122 1787 perscriptum
1136 1701 1306 1781 invenitur,
1323 1701 1490 1767 adnotatio
1506 1704 1637 1772 indicat.
1661 1745 1702 1754 -
1725 1707 1763 1773 In
1779 1706 1930 1792 ponderi-

271 1812 331 1877 bus
361 1816 394 1875 et
416 1807 573 1874 mensuris
605 1806 826 1891 reditibusque
849 1804 990 1870 breviari
1012 1807 1117 1869 solent
1140 1806 1299 1870 uocabula
1315 1813 1489 1886 praest:
1506 1815 1655 1888 praestat
1675 1811 1728 1875 vel
1746 1817 1931 1894 praestana

265 1935 347 1996 pers
371 1915 437 1994 (vel
450 1911 552 1998 pl:
570 1915 689 1991 perisot
676 1910 764 1975 trel
786 1915 927 1992 pensant
948 1909 1002 1973 vel
1016 1908 1161 1988 pendeas
1184 1910 1394 2006 similiterque
1418 1911 1553 1994 (pendit,
1577 1913 1662 1998 quod
1679 1921 1844 2001 expectes,
1867 1937 1932 1981 uon

271 2017 460 2106 reperitur);
483 2015 588 2080 lib:
613 2012 727 2092 libram
757 2014 890 2095 simo:
915 2011 1034 2094 mapali
1057 2019 1133 2080 cet:
1156 2000 1284 2092 ped:
1307 2015 1419 2094 pedes:
1446 2002 1527 2082 soI
1514 2017 1574 2102 (sie
1596 2015 1712 2104 Neap,
1734 2018 1816 2085 solid
1836 2018 1931 2105 Luc.)

274 2154 313 2176 =
338 2121 455 2186 solidos
478 2125 512 2184 et
533 2119 711 2183 tremiss:
729 2119 894 2184 tremisses
939 2115 1033 2179 Haeo
1048 2136 1112 2180 non
1130 2137 1240 2202 saepe,
1261 2118 1432 2202 aliquoties
1448 2125 1558 2185 tamma
1573 2122 1743 2187 turbantur
1764 2124 1931 2189 vocabulis

270 2228 383 2292 inscite
408 2225 533 2306 solutis,
556 2223 622 2288 ut
613 2244 647 2287 ιιι
668 2222 809 2288 Lucensi
824 2229 874 2288 est
897 2223 947 2302 53,
963 2245 988 2284 ιι
1011 2241 1102 2284 amas
1118 2269 1125 2284 .
1143 2270 1149 2284 .
1169 2271 1175 2286 .
1199 2227 1383 2301 ,portantes
1397 2223 1538 2306 stapulas
1560 2225 1735 2293 medemnos
1749 2227 1828 2310 HI,-
1851 2233 1902 2308 63,
1921 2253 1932 2292 ι

267 2331 350 2414 sara
373 2335 509 2394 cantara
531 2332 680 2412 arpeatea
703 2326 820 2404 XXX,
836 2346 928 2407 peris.
951 2323 1095 2406 eaquae
1118 2324 1169 2389 lib.
1193 2324 1284 2390 VIII
1285 2347 1296 2404 ,·
1325 2331 1377 2408 65,
1395 2354 1417 2392 ιι
1446 2329 1570 2410 sciphcs
1597 2337 1758 2412 argenteos
1780 2333 1826 2397 ΙΙ
1837 2354 1928 2415 peris.

270 2434 412 2517 stapulas
436 2433 490 2499 lib.
515 2434 551 2498 X
557 2454 567 2511 ;
591 2435 644 2515 68,
660 2456 672 2496 ι
688 2430 799 2512 phara
821 2434 956 2494 cantaro
978 2433 1126 2511 arpeatea
1140 2428 1249 2492 XXX
1261 2450 1354 2510 peris.
1377 2431 1522 2512 stapulas
1543 2433 1594 2500 lib.
1619 2436 1747 2516 quinas.
1792 2436 1857 2501 Pro
1881 2437 1932 2501 his

274 2539 495 2624 similibusque
517 2537 551 2602 in
574 2533 715 2601 editione
739 2535 868 2600 solitum
892 2532 1120 2618 compendium
1144 2534 1246 2619 posui.
1292 2532 1463 2600 Accedunt
1485 2535 1526 2600 ad
1550 2539 1742 2625 compendia
1761 2539 1844 2606 haec
1867 2541 1931 2605 sol-

270 2643 392 2707 lemnia
415 2642 479 2706 alia
501 2641 639 2705 rariora:
664 2643 736 2722 cym‘
758 2670 798 2692 =
822 2638 1019 2720 cmissatum
1041 2673 1081 2683 —
1099 2624 1225 2716 possess
1248 2669 1286 2690 =
1305 2640 1462 2722 possessio
1482 2678 1522 2687 —
1543 2644 1586 2720 q‘o
1609 2673 1648 2696 =
1672 2643 1730 2724 qai
1751 2642 1933 2724 appellatur

271 2747 326 2832 (cf.
343 2769 373 2832 p.
389 2744 595 2827 LXXXVII,
618 2745 697 2808 item
729 2741 839 2808 Sickel
860 2743 894 2805 in
916 2741 996 2804 actis
1019 2740 1196 2805 minoribus
1210 2741 1517 2809 Vindobonensibus
1541 2746 1578 2810 cl.
1604 2746 1680 2832 phil.
1701 2746 1773 2810 hist.
1789 2748 1850 2812 vol.
1874 2751 1931 2812 117

276 2871 391 2915 eornm.
409 2850 475 2915 VII
497 2871 528 2936 p.
546 2849 602 2934 27)
632 2885 671 2896 -
699 2831 798 2911 terriI
813 2877 852 2899 =
878 2845 1072 2910 territorium
1096 2881 1136 2891 -
1160 2833 1348 2926 thymiamati
1371 2878 1411 2900 =
1436 2847 1736 2930 thymiamaterium.

377 2953 484 3019 Unum
508 2957 610 3017 restat
632 2958 666 3017 et
696 2971 775 3037 prae
807 2948 956 3014 omnibus
985 2954 1113 3033 gratum
1142 2949 1297 3032 officium,
1326 2955 1362 3014 ut
1391 2953 1553 3017 nominem
1575 2954 1719 3020 fautores
1743 2961 1777 3019 et
1799 2957 1930 3038 amicos,

276 3078 413 3143 quorum
436 3057 596 3123 adiutorio
619 3056 647 3120 si
670 3054 746 3140 quid
769 3053 831 3118 hac
853 3073 928 3117 mea
952 3072 1052 3137 opera
1075 3051 1226 3116 effectum
1250 3059 1308 3134 est,
1334 3073 1376 3118 ex
1397 3062 1489 3140 parte
1513 3078 1633 3142 magna
1648 3056 1796 3123 debetne
1841 3058 1929 3124 Ante

276 3183 389 3227 omncs
412 3160 622 3247 praedicandi
645 3166 719 3225 sunt
740 3157 1011 3225 bibliothecarum
1034 3162 1186 3241 quattuor
1202 3162 1386 3222 exterarum
1405 3158 1629 3225 moderatores
1644 3167 1776 3227 senator
1790 3161 1931 3227 Bloesch

274 3265 464 3346 Beruensis,
497 3265 685 3353 Leopoldus
712 3263 838 3328 Delisle
862 3261 1043 3342 Parisiuae,
1074 3259 1255 3325 Guilelmus
1277 3260 1430 3326 Nicotaus
1459 3264 1501 3326 du
1524 3263 1609 3329 Rieu
1631 3286 1735 3351 nuper
1757 3267 1840 3331 tristi
1862 3266 1930 3330 lato

270 3371 364 3436 nobis
388 3377 519 3456 ereptus
542 3368 725 3442 Leidensis,
748 3366 852 3431 Guido
876 3364 972 3450 Biagi
994 3365 1204 3429 Florentinae
1220 3364 1471 3456 Laurentianus,
1495 3389 1555 3454 per
1578 3390 1658 3454 quos
1680 3369 1742 3434 hoc
1758 3368 1931 3434 adsecutus

275 3496 356 3556 sum,
380 3481 416 3539 ut
437 3495 497 3561 per
519 3496 579 3540 sex
602 3475 672 3538 fere
695 3492 840 3545 menses,
865 3469 940 3534 dum
964 3470 1115 3534 volumen
1137 3470 1342 3555 imprimitur,
1367 3477 1519 3556 quattuor
1541 3471 1670 3536 codices
1693 3473 1931 3556 praestantissi-

271 3600 341 3643 mos
366 3577 599 3664 (0³B2B4Eil
621 3597 685 3642 una
708 3596 781 3640 cum
815 3575 925 3660 quinto
955 3580 1066 3637 nostro
1090 3572 1277 3639 Coloniensi
1293 3572 1371 3661 (13³)
1401 3576 1530 3640 interim
1558 3577 1590 3640 in
1620 3577 1712 3662 regia
1733 3577 1932 3642 bibliotheca

273 3689 382 3748 nostra
411 3682 587 3747 custoditos
615 3702 688 3746 cum
714 3680 852 3767 plagulis
885 3677 991 3742 denuo
1020 3678 1166 3742 conferre
1197 3679 1320 3744 liceret.
1363 3679 1448 3744 Item
1472 3681 1651 3745 litterarum
1674 3681 1875 3766 publicarum
1898 3682 1931 3746 in

273 3786 371 3851 Italia
394 3808 535 3852 summus
560 3792 688 3851 curator
710 3783 870 3848 Emanuel
890 3782 1065 3846 Gianturco
1090 3787 1123 3845 et
1146 3783 1407 3870 archiepiscopus
1429 3783 1585 3849 Lucensis
1608 3783 1761 3849 Nicolaus
1785 3784 1932 3850 Ghilardi

272 3895 305 3953 et
329 3891 382 3976 qui
404 3891 593 3956 moderante
616 3889 771 3953 cardinali
793 3887 967 3972 Rampolla
982 3885 1163 3950 Vaticanus
1186 3886 1405 3952 bibliothecae
1429 3888 1594 3974 praesidet
1616 3890 1806 3954 Franciscus
1832 3889 1930 3953 Ehrle

271 4014 335 4057 non
358 3995 462 4059 solum
484 3995 555 4059 aliie
579 3993 691 4058 officiis
714 4013 767 4056 me
791 3991 996 4076 obligarunt,
1019 3989 1077 4054 sed
1102 3989 1291 4072 effecerunt,
1315 3997 1350 4055 ut
1372 3992 1435 4056 duo
1460 3992 1589 4058 codices
1610 3994 1753 4079 primarii
1774 3992 1930 4080 Neapoli-

272 4103 365 4163 tanus
393 4105 427 4164 et
448 4098 603 4164 Lucensis
627 4098 765 4162 Romam
789 4097 995 4160 mitterentur
1022 4101 1056 4158 et
1083 4095 1116 4158 in
1139 4095 1337 4160 bibliotheca
1361 4096 1495 4161 Victorii
1518 4097 1705 4162 Emanuelis
1727 4098 1800 4178 ille,
1823 4097 1875 4162 hic
1898 4098 1931 4161 in

271 4199 431 4266 Vaticana
458 4223 478 4266 a
506 4224 558 4267 me
583 4206 821 4267 excuterentur.
868 4198 1024 4264 Codicum
1051 4199 1182 4262 minoris
1208 4204 1306 4262 notae
1336 4200 1532 4284 reliquorum
1556 4222 1628 4266 cum
1656 4203 1829 4288 plerosque
1860 4201 1930 4286 ipse

272 4304 422 4386 viderim,
445 4306 610 4392 specimen
633 4325 745 4368 eorum
769 4325 849 4390 quos
871 4323 936 4366 non
959 4302 1024 4366 vidi
1053 4310 1258 4388 sumpserunt
1281 4323 1354 4366 mea
1378 4323 1475 4367 causa
1497 4303 1720 4370 Bruxellensis
1740 4304 1930 4368 Franciscus

272 4407 425 4486 Oumont,
449 4407 750 4474 Vindoboneneium
773 4407 956 4473 Ludovicus
980 4407 1178 4486 Hartmann,
1203 4407 1392 4471 Mutinensis
1416 4407 1552 4472 Carolus
1578 4407 1682 4491 Frati,
1711 4407 1928 4472 Parisinorum

274 4532 396 4590 eorum,
421 4533 500 4598 quos
523 4514 593 4598 ipse
616 4533 681 4577 non
704 4513 839 4577 tractavi
859 4510 1013 4590 Berolini,
1030 4509 1152 4575 Vidier.
1198 4511 1347 4596 Denique
1372 4512 1510 4597 optimos
1532 4513 1652 4577 amicos
1675 4519 1740 4576 tres
1764 4512 1928 4576 adiutores

272 4616 423 4701 egregios
451 4617 565 4699 habui,
590 4615 805 4681 Christianum
833 4616 979 4680 Huelsen
1010 4615 1136 4679 Romae
1164 4613 1349 4700 degentem,
1383 4617 1433 4680 cui
1468 4621 1501 4680 et
1532 4616 1596 4680 alia
1626 4622 1762 4702 accepta
1792 4617 1861 4680 fero
1897 4623 1930 4680 et

271 4717 390 4784 Indicis
420 4721 507 4784 tertii
537 4728 664 4806 partem
696 4719 739 4783 ad
771 4720 860 4785 urbis
892 4720 1019 4784 Romae
1054 4719 1303 4805 topographiam
1336 4724 1554 4805 spectantem,
1590 4719 1746 4785 Adclfum
1772 4719 1929 4785 Hameck

271 4823 533 4906 Berolinensem,
557 4845 654 4908 quem
683 4823 723 4887 de
752 4823 849 4888 rebus
878 4824 977 4888 sacris
1001 4842 1101 4908 saepe
1125 4822 1271 4887 consului
1292 4843 1353 4887 nec
1374 4823 1469 4888 facile
1492 4823 1560 4886 sine
1583 4823 1705 4904 fructu,
1729 4822 1929 4888 Ludovioum

272 4927 402 4992 Traube
418 4928 648 5006 Monacensem
664 4927 943 5013 palaeogrepbum
966 4933 1000 4990 et
1021 4926 1222 5013 philologum
1238 4927 1412 5012 insignem,
1436 4927 1490 5012 qui
1512 4926 1608 4991 horae
1629 4927 1747 4991 multas
1762 4927 1930 5012 impendit,

272 5037 306 5095 ut
329 5031 390 5095 boc
406 5032 556 5096 volumen
580 5053 600 5096 a
622 5033 734 5096 naevis
751 5032 879 5115 magnis
899 5031 1071 5117 parvisque
1094 5031 1258 5096 liberaret.
1303 5030 1430 5094 Horum
1454 5029 1632 5094 officiorum
1655 5051 1781 5095 memor
1801 5037 1838 5094 ut
1859 5032 1929 5115 ipse

271 5134 422 5215 manebo,
444 5136 490 5199 ita
514 5136 630 5220 quibus
652 5135 715 5199 hoc
738 5135 890 5199 volumen
912 5135 984 5198 usui
1006 5135 1077 5216 erit,
1101 5135 1304 5220 aliquatenus
1328 5155 1402 5198 suas
1428 5140 1500 5220 gret
1501 5135 1548 5198 ias
1571 5156 1645 5200 cum
1667 5135 1748 5199 meis
1764 5136 1929 5200 consocia-

271 5236 360 5302 bunt.
386 5238 578 5304 -Indices
604 5245 737 5326 praeter
765 5245 892 5324 partem
920 5259 1016 5324 supra
1047 5237 1219 5303 indicatam
1248 5260 1269 5303 a
1298 5259 1350 5303 me
1374 5244 1506 5376 rogatus
1530 5238 1670 5303 confecit
1692 5238 1834 5324 optimae
1858 5239 1929 5325 spei

271 5341 398 5406 iuvenis
420 5341 516 5406 Felix
540 5343 673 5426 lacoby.

374 5513 493 5604 Scripsi
517 5513 659 5580 Berolini
683 5513 712 5578 d.
736 5513 849 5579 Malu
873 5537 902 5578 a.
924 5517 1014 5580 1897.

891 5741 1301 5754 ..-...—-.--..—-..--..-
