4544 6428
944 456 1159 512 EPITOMAE
1813 460 1875 522 257

512 628 738 686 FELIOIANA
1363 627 1602 685 OONONIANA

223 736 311 821 regis
341 733 545 802 Theodorici.
596 735 661 810 Qui
690 735 766 800 dum
789 737 1023 823 pervenissent,
1077 736 1163 820 regis
1190 735 1394 801 Theoderici.
1451 732 1612 807 Quicum
1643 738 1876 822 pervenissent,

222 836 285 902 hoc
315 837 491 904 iudicatum
525 840 698 925 aequitatis
730 840 868 916 invenit,
901 846 937 903 ut
970 840 1024 925 qui
1076 838 1139 903 hoc
1183 839 1334 904 iudicium
1373 839 1524 925 equitatis
1565 839 1703 921 invenit,
1749 847 1785 904 ut
1822 842 1878 927 qui

223 942 311 1026 prior
330 941 494 1008 ordinatus
510 943 625 1008 hrisset
643 945 697 1008 vel
712 945 768 1008 uhi
790 965 866 1030 pars
881 943 1023 1008 maxima
1076 943 1164 1030 prior
1180 942 1344 1007 ordinatus
1360 942 1473 1007 luisset
1496 943 1548 1006 vel
1565 943 1621 1008 ubi
1641 965 1717 1030 pars
1732 944 1876 1007 maxima

223 1046 474 1129 consentiretur,
510 1047 580 1133 ipse
614 1045 736 1111 sederit
769 1047 802 1110 in
836 1046 914 1111 sede
942 1065 1021 1130 apo·
1076 1047 1325 1128 consentiretur,
1358 1047 1428 1133 ipse
1463 1045 1593 1111 sederet
1626 1049 1658 1112 in
1687 1047 1766 1114 sede
1796 1069 1875 1134 apo·

222 1149 352 1225 stolica;
366 1150 453 1236 quod
465 1156 576 1216 tamen
589 1151 737 1236 aequitas
749 1151 782 1214 in
794 1149 1022 1238 Symmachum
1076 1150 1203 1226 stolioa3
1222 1171 1284 1236 qno
1298 1157 1408 1216 tamen
1429 1151 1576 1237 aequitas
1592 1151 1624 1215 in
1646 1150 1874 1238 Symmachum

221 1251 344 1316 invenit
1074 1255 1206 1320 invenit.

222 1377 256 1437 ct
279 1373 420 1458 cognitio
435 1376 592 1459 veritatis,
615 1381 649 1439 et
671 1375 731 1438 init
752 1374 881 1460 praesul
906 1373 1021 1438 beatus

221 1473 443 1562 Symmachus.

221 1596 349 1662 Eodem
372 1603 519 1684 tempore
542 1619 629 1687 papa
652 1597 863 1685 Symmachus
1076 1600 1166 1665 Tune
1189 1600 1303 1664 beatus
1327 1597 1539 1684 Symmachus
1561 1618 1647 1684 papa

221 1717 299 1783 lecit
320 1719 444 1804 synodo
468 1725 502 1785 et

223 1839 387 1903 constituit
414 1840 624 1905 Laurentium
657 1841 690 1904 in
718 1838 858 1904 Nuceria
892 1839 1021 1903 civitate
1075 1841 1239 1906 constituit
1250 1841 1460 1905 Laurentium
1473 1841 1661 1925 episcopum
1672 1838 1875 1905 inNuoheria

221 1943 419 2029 episcopum,
442 1945 558 2009 intuitu
574 1943 824 2010 misericordiae.
862 1942 942 2007 Post
964 1963 1020 2005 an·
1076 1946 1215 2026 civitate,
1238 1945 1355 2008 intuitu
1377 1942 1625 2009 misericordiae.
1672 1942 1752 2006 Post
1774 1963 1875 2006 annos

219 2065 279 2110 nos
301 2067 378 2112 vero
401 2047 480 2130 1111,
503 2049 572 2113 zelo
1075 2071 1153 2115 vero
1168 2048 1247 2133 IIII,
1271 2048 1341 2113 zelo

220 2171 255 2231 et
276 2165 352 2232 dolo

222 2285 309 2352 ducti
340 2289 439 2375 aliqui
467 2310 510 2354 ax
537 2289 623 2354 clero
655 2297 689 2354 et
716 2289 815 2376 aliqui
844 2309 887 2354 ex
909 2293 1022 2352 senato
1076 2275 1163 2340 (illoti
1191 2273 1289 2360 aliqui
1318 2295 1361 2338 nx
1389 2273 1476 2338 clero
1505 2279 1539 2338 ei
1566 2272 1666 2358 aliqui
1694 2275 1876 2337 exsenatu

219 2379 423 2457 moriminant
445 2392 675 2480 symmachum
821 2409 823 2414 ·
1074 2379 1277 2443 incriminant
1299 2376 1543 2465 Symmachum;

221 2517 255 2577 et
278 2513 455 2579 autumant
477 2521 579 2581 testes
602 2515 711 2596 falsos,

221 2653 301 2720 quos
324 2636 480 2701 miserunt
1074 2637 1230 2703 miserunt

220 2753 411 2821 Ravennam

220 2875 263 2940 ad
291 2897 403 2962 regem
434 2875 672 2941 Theodericum
700 2877 896 2956 hereticum,
925 2897 1020 2941 accu—
1074 2877 1116 2943 ad
1152 2899 1265 2962 regem
1304 2876 1506 2944 Theoderico
1547 2875 1741 2958 hereticum,
1779 2896 1872 2940 accu-

220 2987 329 3046 santes
367 2981 500 3045 heatnm
539 2979 784 3066 Symmachum;
823 2986 857 3044 et
894 2980 1019 3046 occulte
1074 2987 1182 3046 santes
1222 2981 1354 3046 beatum
1392 2980 1634 3068 Symmachum;
1678 2987 1711 3045 et
1750 2980 1873 3044 occulte

221 3089 375 3149 revocant
396 3083 607 3148 Laurentium
630 3083 786 3156 Romam;
817 3090 851 3149 et
874 3085 1021 3149 lecerunt
1073 3081 1227 3153 revocant
1254 3085 1464 3149 Laurentium
1487 3084 1642 3156 Romam;
1671 3091 1704 3148 et
1726 3085 1873 3148 iecerunt

220 3188 360 3252 schisma
382 3194 416 3253 et
438 3193 673 3274 separaverunt
695 3208 730 3252 se
1073 3192 1222 3256 scismam
1245 3194 1279 3254 et
1301 3194 1534 3276 separaverunt
1557 3208 1591 3252 se

219 3308 261 3374 ab
283 3309 420 3374 invicem

218 3449 293 3517 pars
316 3429 423 3515 aliqua
445 3451 465 3494 a
488 3431 712 3495 communione
737 3429 933 3516 Symmachi,
1072 3454 1147 3520 pars
1170 3433 1279 3518 aliqua
1301 3452 1321 3495 a
1344 3431 1568 3496 communione
1592 3427 1788 3516 Symmachi,

219 3543 386 3608 mittentes
409 3543 600 3609 relationem
623 3543 704 3628 regi,

220 3661 253 3719 et
274 3659 390 3740 petunt
411 3675 432 3718 a
453 3675 532 3741 rege
555 3654 757 3722 Theoderico
782 3655 981 3720 visitatorem
1070 3663 1221 3746 petentes
1244 3676 1264 3720 a
1285 3675 1365 3741 rege
1388 3655 1533 3719 heretico
1556 3655 1754 3719 visitatorem

219 3765 304 3831 sedis
327 3767 503 3853 apostohcc

219 3877 353 3944 Petrum
369 3879 580 3944 Altinantem.
625 3878 751 3944 Eodem
774 3885 921 3962 tempore
931 3878 1017 3946 ,bea-
1071 3883 1204 3948 Petrum
1242 3881 1423 3946 Altinatim.
1489 3879 1580 3943 Tunc
1624 3879 1739 3943 beatus
1777 3877 1869 3964 Sym·

218 3989 270 4046 tus
285 3983 498 4068 Symmachus
510 3983 722 4068 congregavit
733 3984 903 4069 episcopos
917 3979 1018 4064 CXV,
1071 3986 1204 4053 machus
1243 3986 1454 4072 congregavit
1494 3983 1663 4069 episcopos
1699 3981 1800 4050 CXV.
1841 3987 1874 4045 et

220 4092 253 4150 et
283 4087 370 4151 facto
400 4085 523 4172 synodo
551 4093 708 4172 purgatur
738 4088 912 4151 acrimine
936 4086 1018 4152 falso
1072 4092 1158 4156 facto
1190 4088 1312 4178 synodo
1340 4093 1497 4174 purgatur
1526 4107 1546 4149 a
1573 4085 1705 4150 crimine
1734 4084 1815 4148 falso
1840 4090 1874 4148 et

219 4196 254 4256 et
276 4188 446 4254 damnatur
472 4187 587 4253 Petrus
610 4190 760 4255 Altinans
1072 4194 1243 4259 damnatur
1265 4193 1380 4258 Petrus
1407 4191 1532 4255 Altinae

218 4311 347 4375 invasor
370 4309 456 4374 sedis
479 4311 678 4396 apostolicae

220 4436 253 4496 et
274 4431 467 4496 Laurentius
490 4431 678 4498 Nucerinus.
1073 4441 1106 4500 et
1128 4433 1321 4498 Laurentius
1343 4431 1539 4506 Nucerinus:

219 4552 310 4618 Tunc
337 4552 380 4617 ab
409 4553 557 4618 omnibus
590 4554 750 4639 episcopis
773 4558 808 4617 et
828 4554 1018 4639 presbiteris

219 4663 253 4721 et
286 4655 430 4721 diaconis
464 4661 498 4720 et
530 4658 617 4723 clero
650 4656 912 4744 reddintegratur
940 4659 1018 4725 sede

220 4760 419 4846 apostolicae
442 4758 559 4825 beatus

158 4881 161 4886 “
220 4879 432 4966 Symmachus
471 4901 542 4945 cum
585 4881 720 4966 gloriam
758 4881 845 4968 apud
886 4881 1019 4949 beatum
1073 4880 1285 4968 Symmachus
1308 4902 1384 4946 vero
1409 4901 1481 4946 cum
1502 4900 1621 4966 magno
1644 4879 1767 4944 honore
1790 4877 1875 4942 sedit

219 4983 353 5048 Petrum
376 4981 491 5048 sedere
518 4985 658 5071 praesul.
1072 4987 1208 5052 insede
1232 5007 1299 5052 sua.

1076 5108 1167 5172 Tunc
1178 5107 1295 5172 Festus
1310 5106 1462 5193 patricius
1478 5106 1564 5190 cepit
1578 5105 1663 5168 intra
1677 5105 1758 5169 urbe
1775 5103 1873 5170 cedes

1072 5211 1181 5277 facere
1204 5213 1238 5275 in
1261 5212 1363 5292 clero,
1393 5210 1447 5295 qui
1471 5207 1753 5273 communicabant
1775 5207 1873 5273 beato

1073 5315 1282 5402 Symmacho,
1317 5321 1351 5378 et
1382 5312 1549 5399 deponens
1575 5312 1727 5375 mulieres
1757 5313 1873 5376 sancti-

1072 5420 1229 5484 moniales
1272 5417 1313 5482 de
1356 5416 1549 5481 habitaculis
1586 5416 1668 5514 suis,
1706 5415 1874 5481 denudans

1072 5543 1186 5587 sexum
1216 5520 1409 5600 femineum,
1437 5520 1558 5587 cedens
1587 5519 1740 5604 fustibus,
1763 5523 1873 5609 ibique

1073 5626 1192 5690 multos
1208 5623 1396 5689 sacerdotes
1410 5622 1535 5689 occidit.
1572 5625 1648 5690 Fuit
1664 5629 1773 5690 sutem
1793 5627 1871 5692 bea-

1073 5735 1126 5794 tus
1149 5728 1361 5815 Symmachus
1390 5749 1409 5792 a
1433 5729 1600 5794 consolatu
1621 5728 1749 5796 Paulini
1771 5752 1873 5820 usque

321 5855 398 5892 arana
411 5853 586 5892 romaricanus
599 5855 615 5891 ι.
1635 5838 1669 5894 33
