4538 6420
896 339 1182 398 Pnonhoossnas.
1762 345 1868 400 XXVII

213 520 247 580 et
269 516 355 582 dona
376 517 415 582 iis
438 515 558 598 oblata,
581 513 741 580 seditem
765 514 871 580 factae
895 520 929 580 et
950 516 1133 582 instructae
1148 516 1181 582 in
1203 515 1310 598 ltalia,
1332 523 1369 582 ut
1391 515 1523 606 Capuae
1540 517 1607 606 (70,
1619 519 1646 606 ι)
1670 525 1705 585 et
1727 519 1869 607 Neapoli

212 625 277 706 (70,
295 620 351 706 so),
381 621 466 686 inter
491 619 573 684 baec
600 617 686 684 dona
716 619 833 704 privati
861 619 1027 685 cuiusdam
1050 619 1209 686 Gallicani
1238 620 1349 684 oblata
1379 623 1537 688 ecclesiae
1561 623 1703 690 Ostiensi
1730 625 1797 707 (68,
1813 623 1870 710 ιι);

213 747 296 814 quae
327 725 435 791 omnia
469 746 541 790 cum
571 744 635 789 uno
664 729 778 790 tenore
809 723 998 808 decurrent,
1031 746 1146 812 pamm
1178 725 1390 811 intellegitur,
1423 749 1487 815 qua
1514 731 1567 794 via
1597 731 1804 818 pervenerint
1837 730 1871 792 in

212 830 329 895 scrinia
351 830 494 916 episcopi
520 827 608 892 urbis
636 825 772 894 Romae.
821 827 889 913 Ipsi
916 833 1025 894 autem
1052 827 1174 896 indices
1200 849 1265 894 non
1293 830 1397 894 solum
1424 832 1509 896 iusto
1539 833 1651 899 ordine
1674 833 1865 919 procedunt,

212 933 271 1000 sed
295 934 394 1000 etiam
415 939 528 1020 eperte
551 936 700 1018 spectent
722 930 765 996 ad
786 932 975 1017 largitiones
996 933 1235 1018 imperatoriam
1259 932 1349 998 fundi
1372 935 1458 1000 enim
1481 937 1626 1002 ecelesiis
1649 937 1867 1002 attribuuntur

212 1058 277 1104 non
303 1039 407 1104 solum
432 1038 466 1102 in
487 1035 597 1118 Italia,
627 1034 686 1100 sed
713 1055 773 1120 per
794 1036 912 1100 multas
939 1036 1130 1122 provincias,
1159 1035 1311 1117 Siciliam,
1336 1036 1532 1122 Numidiam,
1560 1039 1703 1106 diocesin
1726 1039 1868 1106 Orientis

214 1142 280 1230 (58,
296 1141 351 1229 ιι),
385 1162 468 1228 quse
503 1161 575 1206 cum
605 1141 777 1227 complecti
809 1140 958 1206 videatur
989 1141 1195 1208 Antiochiam
1224 1142 1469 1210 Alexandream
1501 1145 1705 1232 Aegyptum,
1736 1146 1870 1230 collegit

212 1247 287 1313 inde
311 1246 516 1312 Duohesnius
545 1245 657 1330 (volt
687 1266 719 1330 p.
737 1243 805 1326 CL)
833 1243 973 1312 indicem
1001 1246 1121 1312 lactum
1150 1267 1221 1312 esse
1246 1268 1285 1312 eo
1313 1239 1476 1334 tempore,
1505 1269 1568 1334 quo
1592 1249 1764 1336 Aegyptus
1795 1270 1870 1335 pare

212 1353 272 1418 luit
299 1351 457 1417 dioecesis
485 1351 570 1416 illius
598 1355 750 1436 separata
774 1349 849 1416 inde
876 1357 952 1417 ante
979 1350 1077 1417 finem
1103 1353 1225 1418 saeculi
1252 1354 1367 1438 quarti,
1397 1353 1533 1417 nimium
1560 1352 1699 1418 fortasse
1725 1352 1871 1418 tribuens

212 1457 334 1522 auctori
354 1455 417 1536 ibi,
439 1454 497 1519 ubi
518 1475 538 1518 6
561 1453 737 1526 mendaciis
760 1453 916 1536 abstinet,
940 1461 1029 1520 certe
1052 1455 1192 1523 turbido.
1236 1455 1374 1522 Reditne
1404 1477 1533 1544 quoque
1562 1477 1604 1522 ex
1633 1461 1727 1543 perte
1761 1456 1870 1522 effecti

213 1561 365 1626 aromatis
389 1559 614 1645 mercibusque
631 1557 773 1624 Orientis
791 1580 863 1624 cum
880 1579 919 1624 ea
935 1560 1143 1625 attributione
1160 1562 1362 1627 conveniunt.
1399 1559 1559 1626 Convenit
1573 1562 1653 1626 item
1669 1561 1770 1626 aetati
1782 1559 1867 1626 Con-

212 1665 425 1730 stantinianee
442 1662 615 1750 possessio,
639 1683 736 1748 quem
749 1663 847 1743 116666
861 1668 1066 1746 66666666ναί
1087 1669 1222 1745 tempora
1238 1662 1469 1745 persacntrbnis
1484 1663 1551 1747 (64,
1566 1664 1603 1748 ιο)
1614 1665 1638 1750 ¹)
1655 1665 1869 1751 convenitque

213 1768 319 1834 eidem
342 1788 462 1834 nomen
484 1766 564 1832 illud
588 1765 762 1850 Gallicani,
786 1787 850 1853 quo
872 1767 1079 1854 appellantur
1101 1769 1249 1834 consules
1272 1766 1336 1832 duo
1360 1789 1389 1835 a.
1405 1771 1467 1833 817
1493 1773 1526 1833 61
1549 1765 1662 1852 330²).
1706 1767 1870 1833 Ecclesiae

213 1871 401 1938 Christianis
413 1870 659 1937 Constantinum
675 1870 785 1935 multis
799 1871 878 1935 locis
893 1869 1111 1936 aedificandas
1128 1892 1258 1936 curasse
1274 1891 1347 1936 cum
1358 1869 1519 1936 Eusebius
1532 1871 1624 1936 testis
1640 1871 1681 1936 sit
1688 1869 1724 1954 ⁸),
1740 1871 1774 1935 in
1788 1871 1868 1936 urbe

211 1977 319 2042 Rome
340 1975 384 2041 ad
407 1996 481 2041 eum
505 1975 708 2062 aliquatenus
731 1979 821 2039 certe
844 1973 983 2039 redeunt
1003 1975 1158 2040 basilicae
1174 1974 1259 2040 duee
1274 1974 1439 2040 Laterano
1457 1979 1490 2039 et
1501 1974 1671 2040 Vaticana.
1716 1975 1755 2040 In
1771 1973 1868 2039 domo

211 2080 377 2146 Laterane
400 2101 472 2146 cum
488 2080 554 2145 iam
570 2100 600 2146 6.
616 2081 678 2144 813
695 2076 848 2144 iudicium
862 2078 1010 2144 habitum
1025 2080 1068 2144 sit
1084 2078 1124 2144 de
1140 2079 1321 2146 Donatistis
1336 2078 1487 2167 praeside
1504 2081 1657 2166 episcopo
1674 2078 1821 2146 Miltiade
1829 2079 1870 2165 ⁴),

213 2206 286 2250 eam
316 2185 356 2250 ab
385 2185 457 2272 ipso
484 2182 696 2248 Constantino
725 2183 879 2269 episcopo
908 2183 938 2248 ei
967 2182 1051 2248 dono
1083 2181 1192 2247 datam
1223 2203 1386 2249 essenon
1415 2183 1563 2248 absimile
1586 2184 1655 2248 veri
1684 2188 1748 2259 est;
1780 2189 1869 2248 certe

213 2290 352 2354 ecclesia
374 2289 419 2354 ibi
441 2288 527 2353 facta
549 2287 640 2351 utin
661 2286 724 2351 hoc
745 2286 829 2350 libro
853 2285 989 2372 passim,
1019 2285 1066 2350 ita
1093 2287 1159 2350 iam
1186 2285 1220 2350 in
1243 2287 1322 2351 actis
1346 2285 1461 2372 synodi
1483 2286 1650 2352 Romanae
1674 2308 1702 2352 6.
1721 2290 1784 2352 487
1808 2307 1867 2372 ap-

212 2393 353 2480 pelletur
375 2391 507 2457 basiliaa
534 2388 804 2454 Constantiniana
826 2389 935 2470 (Tbiel
957 2411 989 2476 p.
1006 2389 1094 2474 259).
1139 2388 1313 2456 Basilicam
1337 2389 1476 2476 denique
1500 2392 1602 2456 sancti
1618 2391 1708 2456 Petri
1729 2391 1867 2456 inVati-

213 2517 293 2563 cano
317 2517 338 2561 a
360 2493 571 2561 Constantino
595 2492 612 2557 Ι
633 2491 839 2558 aedificatam
861 2513 934 2558 esse
956 2491 1055 2558 fidem
1078 2492 1200 2558 faciunt
1222 2500 1256 2559 et
1271 2495 1403 2580 tegulae
1419 2495 1465 2559 ibi
1479 2502 1632 2582 repertae
1650 2496 1719 2561 eius
1735 2496 1864 2562 nomine

212 2597 421 2688 inscriptaell
445 2605 479 2664 et
501 2596 588 2686 quod
611 2599 643 2662 in
666 2597 736 2662 eius
758 2617 834 2662 arcu
857 2596 1000 2685 quodam
1022 2596 1143 2662 lectum
1167 2603 1217 2661 est
1240 2599 1441 2684 epigramma
1462 2600 1662 2664 notissimum
1672 2599 1715 2683 ⁰);
1740 2598 1869 2664 accedit

212 2707 350 2772 alterum
372 2725 392 2769 a
417 2708 526 2768 nostm
557 2708 690 2768 auctore
720 2702 789 2766 solo
812 2702 881 2767 fere
904 2702 1042 2768 relatum
1066 2700 1267 2767 Constantini
1294 2709 1328 2768 et
1354 2701 1503 2768 Helenae
1530 2704 1596 2788 (67,
1611 2703 1650 2786 ιι)
1682 2709 1867 2790 corruptum

211 2831 318 2897 neque
340 2815 451 2873 tamen
474 2807 656 2872 confictum.
701 2805 809 2870 Etiam
832 2805 999 2871 basilicam
1023 2811 1154 2870 sanctae
1170 2804 1308 2890 Agnetis
1329 2805 1448 2870 1661666
1471 2827 1542 2871 esse
1565 2806 1780 2874 aConstantii
1803 2807 1869 2872 filia

211 2935 276 2978 non
291 2912 488 2994 Constantia,
511 2916 547 2976 ut
561 2911 681 2995 legitur
701 2911 735 2976 in
756 2910 818 2974 hoc
840 2910 1042 2992 11666666,
1066 2909 1124 2974 666
1141 2909 1352 2975 Constantine
1374 2915 1511 2975 testatur
1532 2912 1644 2976 titulus
1668 2912 1867 2977 acrostichas

211 3016 407 3082 Buecheleri
428 3036 459 3080 n.
476 3018 550 3082 301.
594 3013 745 3102 Denique
767 3013 932 3079 Helenam
954 3020 1091 3084 matrem
1108 3012 1310 3079 Constantini
1332 3014 1493 3100 sepultam
1517 3035 1588 3080 esse
1611 3015 1644 3080 in
1666 3015 1747 3080 urbe
1763 3015 1868 3081 Roma

211 3127 322 3186 auctor
343 3125 453 3186 noster
468 3117 535 3205 (65,
547 3143 583 3186 ιι.
607 3123 659 3201 66,
672 3119 710 3204 ιι)
734 3124 768 3184 et
782 3117 943 3184 Eusebius
966 3119 1047 3203 (vito
1063 3117 1265 3184 Constantini
1281 3121 1312 3200 3,
1323 3116 1364 3202 a)
1387 3119 1508 3204 pariter
1529 3118 1683 3184 referunt.
1708 3156 1747 3166 -
1770 3118 1865 3184 Haec

210 3244 360 3289 verarum
382 3223 575 3288 relationum
597 3220 716 3288 indicia
738 3229 775 3288 ut
796 3221 970 3308 diligenter
993 3219 1211 3308 expendenda
1234 3226 1325 3300 sunt,
1348 3221 1394 3286 ita
1415 3243 1480 3288 non
1503 3221 1759 3288 obliviscendum
1782 3222 1868 3288 tredi

209 3328 292 3394 haec
321 3325 611 3392 emendaciesimo
634 3332 793 3412 nugatore
817 3327 950 3412 eiusque
978 3327 1077 3390 solius
1099 3324 1197 3390 fidem
1221 3345 1298 3390 vere
1327 3326 1449 3390 nollem
1472 3346 1559 3409 esse,
1588 3346 1627 3392 so
1651 3328 1755 3413 magis
1779 3326 1866 3412 quod

211 3434 280 3496 tota
302 3431 385 3496 haec
406 3429 548 3495 narratio
565 3427 832 3494 Constantiniana
854 3437 924 3496 arte
948 3430 1119 3497 coniuncta
1141 3436 1192 3495 eet
1215 3450 1288 3494 cum
1310 3429 1507 3515 baptismate
1528 3429 1740 3496 Silvestrieno
1764 3429 1869 3517 (54,6

201 3541 245 3632 ‘et
268 3535 322 3620 al.)
347 3541 381 3600 et
407 3534 475 3599 sine
499 3533 597 3599 dubio
620 3533 730 3599 labem
753 3533 829 3599 inde
853 3535 961 3600 traxit.
1006 3533 1092 3609 Quid
1115 3533 1202 3621 quod
1225 3533 1312 3620 apud
1334 3534 1419 3599 hunc
1441 3540 1607 3600 auctorem
1637 3535 1735 3600 etiam
1764 3536 1867 3601 sancti

211 3639 306 3704 Pauli
326 3639 461 3704 basilica
484 3658 503 3702 6
519 3637 729 3703 Constantino
753 3636 868 3704 dicitur
890 3639 977 3712 lacta
1000 3659 1072 3704 esse
1090 3640 1156 3722 (60,
1170 3637 1219 3723 ιι),
1243 3658 1340 3724 quem
1357 3639 1570 3723 antescripto
1585 3637 1806 3704 Valentiniani
1822 3638 1866 3719 ΙΙ,

211 3741 387 3808 Theodosii
410 3747 443 3807 et
458 3740 591 3807 Arcadii
614 3742 730 3807 emisso
755 3741 797 3806 66
813 3739 999 3807 Sallustium
1015 3742 1217 3828 praelectum
1233 3741 1322 3806 ssrbis
1346 3747 1472 3806 constat
1495 3747 1645 3828 coeptam
1669 3762 1742 3807 esse
1765 3742 1864 3808 fabri-

211 3849 277 3915 cari
300 3869 330 3913 e.
355 3846 486 3912 demum
508 3849 571 3912 386
600 3843 775 3933 (Atellano
802 3846 854 3912 ed.
877 3845 1047 3912 Guenther
1074 3846 1171 3911 volt
1203 3866 1254 3932 ep.
1271 3848 1314 3928 3).
1365 3844 1440 3911 Η66
1468 3844 1645 3912 tenendum
1672 3851 1709 3910 ut
1736 3847 1868 3912 nomina

212 3954 320 4036 dubio,
343 3953 389 4018 ita
410 3952 499 4038 ipsoe
513 3948 636 4014 indices
653 3955 820 4036 corruptos
835 3951 1005 4028 incuriose,
1028 3949 1087 4014 sed
1108 3950 1141 4013 in
1157 3969 1281 4014 summa
1303 3969 1338 4014 re
1354 3949 1502 4035 geminos
1518 3969 1589 4014 esse
1606 3969 1774 4015 recensum
1792 3970 1869 4015 con-

212 4059 351 4123 tinentes
373 4055 580 4141 largitionum
603 4054 883 4141 imperatoriemm
910 4055 1040 4119 saeculo
1070 4053 1271 4140 potissimum
1300 4058 1415 4139 questo
1442 4053 1586 4118 ecclesiis
1615 4051 1870 4118 Christianorum

211 4162 244 4226 in
265 4161 361 4226 Italia
384 4159 576 4226 oblatamm.
622 4156 689 4223 Sed
711 4162 822 4224 tamen
844 4179 917 4223 cum
940 4158 1088 4224 laterculi
1109 4159 1143 4224 hi
1164 4179 1230 4224 non
1253 4156 1296 4222 ad
1318 4157 1454 4224 formam
1477 4157 1551 4222 libri
1572 4158 1771 4244 pertineant,
1805 4178 1870 4224 non

320 4421 340 4489 ¹)
358 4423 427 4489 Quid
444 4422 573 4490 significet
589 4423 717 4490 possessio
729 4430 870 4488 ,66666666
887 4422 987 4474 666161
1004 4421 1057 4488 (val
1068 4421 1181 4490 666166)
1201 4421 1408 4474 Christianos-ant
1425 4419 1732 4490 solidasCXX(64,1s)‚
1751 4422 1870 4490 squidem

212 4511 307 4564 666616.
331 4537 362 4546 -
386 4507 513 4560 sennes
534 4508 636 4561 deserta
659 4509 689 4561 in
709 4510 772 4562 arbe
790 4510 938 4563 Albanam
956 4507 1055 4576 (61166)
1078 4509 1211 4576 Nibbyum
1236 4511 1289 4561 iere
1314 4515 1419 4562 secutus
1436 4508 1543 4560 Roscius
1562 4506 1781 4574 (8611616661.
1800 4510 1869 4562 crist

213 4595 280 4650 1869
298 4615 322 4666 p
336 4592 377 4648 16.
402 4593 470 4648 1813
487 4593 586 4664 6102)
604 4598 730 4651 iudicavit
746 4605 832 4650 metra
849 4614 905 4650 esse
923 4598 1033 4665 legionis
1045 4599 1070 4648 11
1087 4597 1225 4650 Parthicae
1237 4598 1425 4650 66666161ιί1ιί
1437 4614 1484 4665 per
1494 4597 1628 4650 saeculum
1646 4598 1760 4660 tertium
1778 4604 1870 4664 quarto

212 4691 300 4738 sutem
317 4683 441 4736 hemlets
459 4683 487 4734 in
504 4683 642 4736 Orientem.
677 4687 713 4738 At
734 4686 846 4738 scaenici
868 4685 1024 4738 vocabulum
1045 4685 1137 4738 Latino
1155 4684 1237 4751 accipi
1255 4701 1330 4752 posse
1347 4701 1393 4752 pro
1411 4685 1536 4738 castrensi
1554 4700 1636 4751 nego,
1655 4685 1872 4752 cogitandumque

211 4771 298 4839 potius
315 4771 365 4823 erit
381 4770 413 4822 66
430 4770 531 4822 theatro
548 4786 609 4822 cnm
627 4771 691 4824 ville
708 4773 872 4840 imperatoria
894 4773 1031 4826 coniuncto
1051 4773 1166 4837 (666166.
1184 4773 1259 4823 Dom.
1271 4771 1308 4838 4).
1405 4769 1428 4840 ¹)
1447 4771 1605 4824 Ambronisu
1622 4769 1674 4836 (59,
1686 4783 1712 4836 93
1731 4772 1786 4823 al
1806 4771 1869 4823 Am·

212 4857 322 4923 tradas)
340 4859 396 4911 sive
408 4857 566 4926 Haerentes
578 4855 631 4922 (60,
641 4856 664 4922 s)
682 4859 745 4912 alibi
763 4877 815 4912 non
833 4861 981 4912 nominatur
998 4876 1047 4912 nec
1064 4859 1146 4927 magis
1163 4856 1377 4924 Festa(55,1a),
1395 4875 1472 4924 quem
1491 4859 1582 4912 clasma
1594 4861 1632 4910 111
1650 4858 1775 4910 librorum
1788 4875 1870 4926 prac-

208 4945 321 5011 pasituns
338 4945 409 4998 6666·
426 4944 536 4998 radiasti
552 4945 623 4996 iacit
731 4944 752 5012 Ι)
771 4947 833 4998 Vits
850 4946 1013 5000 (1666166ιὶ61
1032 4943 1055 5009 1,
1066 4956 1099 4998 se.
1117 4942 1186 5009 245.
1221 4945 1350 5012 Expossdt
1366 4945 1397 4996 da
1415 4947 1485 4998 hisce
1503 4945 1686 4998 donationibus
1704 4945 1870 4998 0666166661

211 5033 318 5085 Roscius
328 5031 444 5086 1666·
461 5031 533 5084 arcls-
543 5031 611 5084 arist
622 5029 690 5084 1863
707 5050 732 5100 p.
742 5030 785 5086 49.
874 5032 896 5100 ⁴)
914 5035 1026 5102 Optatus
1042 5033 1211 5084 Milevitenus
1229 5032 1260 5084 de
1277 5032 1382 5085 schism.
1394 5034 1524 5087 Donatist.
1537 5031 1579 5084 ll
1599 5049 1622 5085 c.
1633 5029 1678 5084 23:
1697 5038 1871 5084 consensa-ant

212 5117 336 5187 (episcopi
352 5118 460 5187 iudices)
476 5119 505 5172 in
522 5119 626 5171 666666
643 5117 759 5170 namne
783 5117 902 5185 (fortasse
925 5121 1014 5172 uxoris
1031 5117 1204 5184 Constantini)
1226 5119 1255 5170 in
1271 5117 1415 5172 66166666.
1521 5117 1542 5184 ⁸)
1561 5119 1622 5171 (1.1.
1636 5120 1667 5170 L.
1685 5115 1871 5170 11161606.

211 5207 280 5258 Sane
303 5213 422 5274 expectes
445 5223 534 5260 66666
556 5212 634 5258 testes
656 5205 743 5273 plnres
765 5212 792 5257 et
813 5207 942 5259 certiores.
1049 5204 1071 5272 ⁸)
1089 5207 1129 5258 Ex
1147 5206 1284 5273 Anonymo
1302 5205 1457 5258 llineidlensi
1475 5203 1591 5270 (c.1.1..
1611 5205 1709 5258 vobVI
1726 5205 1788 5271 pli
1806 5221 1833 5256 6.
1842 5202 1870 5270 6)

212 5291 323 5357 aliisque
340 5294 482 5346 Buecheler
498 5293 664 5346 6611611161.
681 5308 708 5343 6.
718 5289 780 5344 300:
800 5292 869 5358 qnod
886 5293 951 5346 6666
968 5301 991 5346 tc
1008 5293 1121 5346 mandas
1139 5293 1253 5346 66666ἰέ
1268 5293 1297 5345 in
1314 5301 1388 5345 astra
1405 5293 1576 5360 triumphans,
1594 5293 1662 5344 benc
1682 5289 1872 5342 Cossstantinns

211 5379 357 5432 61616661οί
378 5381 493 5433 66661166
515 5381 613 5433 aniam
648 5379 762 5432 Alterius
782 5394 886 5445 quoque
909 5380 1083 5447 inscriptionis
1103 5382 1138 5434 sb
1161 5381 1252 5434 666666
1269 5381 1405 5447 Anonymo
1429 5387 1552 5447 exceptae
1575 5379 1613 5444 (O.
1627 5381 1646 5430 l.
1660 5379 1691 5430 L.
1709 5377 1726 5429 l.
1741 5393 1764 5430 c.
1783 5393 1809 5430 n.
1822 5375 1871 5442 103

212 5467 355 5520 Buecheler
371 5484 398 5520 n.
408 5464 471 5533 ³15)
487 5475 559 5534 pater
580 5469 692 5521 attilius
710 5466 766 5520 sine
784 5465 863 5517 dubio
880 5473 943 5518 sunt
959 5467 1171 5521 Conatsutinusl
1188 5475 1215 5521 et
1232 5473 1280 5520 sut
1297 5467 1484 5520 Oomtantinus
1498 5467 1522 5517 11
1539 5472 1585 5518 aut
1606 5465 1774 5520 Constantius
1787 5465 1823 5516 11.
1839 5490 1872 5503 -·

211 5555 316 5608 Titulus
333 5552 370 5607 ‘in
386 5553 499 5620 imagine
516 5553 686 5606 Constantini¹
704 5553 800 5608 ibidem
817 5552 879 5606 olim
896 5552 978 5605 lectus
996 5551 1148 5618 (Buecheler
1165 5573 1191 5608 n.
1203 5551 1266 5622 902)
1283 5555 1340 5607 sins
1358 5553 1438 5606 dubio
1455 5553 1549 5606 6666116
1566 5560 1605 5605 est
1622 5552 1700 5620 longe
1719 5553 1869 5620 posterioris

211 5641 328 5695 allodem
346 5641 378 5694 ad
395 5641 531 5695 sanitatem
547 5647 652 5707 aegroto
669 5658 685 5692 ιι
701 5643 777 5696 Petro
794 5639 926 5706 redditam,
944 5639 971 5690 id
988 5647 1028 5692 est
1044 5641 1077 5692 sd
1095 5640 1181 5708 leprae
1199 5640 1324 5693 fabulam.

1631 5741 1664 5796 d!
