<?xml version="1.0" encoding="UTF-8"?>
<!DOCTYPE html PUBLIC "-//W3C//DTD XHTML 1.0 Transitional//EN"
    "http://www.w3.org/TR/xhtml1/DTD/xhtml1-transitional.dtd">
<html xmlns="http://www.w3.org/1999/xhtml" xml:lang="en" lang="en">
 <head>
  <title>
</title>
<meta http-equiv="Content-Type" content="text/html;charset=utf-8" />
  <meta name='ocr-system' content='tesseract 3.04.00' />
  <meta name='ocr-capabilities' content='ocr_page ocr_carea ocr_par ocr_line ocrx_word'/>
</head>
<body>
  <div class='ocr_page' id='page_1' title='image "./monumentagerman02unkngoog_0086.png"; bbox 0 0 4538 6420; ppageno 0'>
   <div class='ocr_carea' id='block_1_1' title="bbox 909 375 1876 433">
    <p class='ocr_par' dir='ltr' id='par_1_1' title="bbox 909 375 1876 433">
     <span class='ocr_line' id='line_1_1' title="bbox 909 375 1876 433; baseline -0.001 -1"><span class='ocrx_word' id='word_1_1' title='bbox 909 375 1193 433; x_wconf 75' lang='lat' dir='ltr'><strong>Psohaeonunu.</strong></span> <span class='ocrx_word' id='word_1_2' title='bbox 1762 377 1876 431; x_wconf 82' lang='lat' dir='ltr'>LXXXI</span> 
     </span>
    </p>
   </div>
   <div class='ocr_carea' id='block_1_2' title="bbox 159 547 2020 4496">
    <p class='ocr_par' dir='ltr' id='par_1_2' title="bbox 220 547 1878 1261">
     <span class='ocr_line' id='line_1_2' title="bbox 222 547 1876 636; baseline 0.001 -23"><span class='ocrx_word' id='word_1_3' title='bbox 222 549 264 614; x_wconf 93' lang='lat' dir='ltr'><strong>de</strong></span> <span class='ocrx_word' id='word_1_4' title='bbox 287 547 446 635; x_wconf 84' lang='lat' dir='ltr'><strong>gradibus</strong></span> <span class='ocrx_word' id='word_1_5' title='bbox 460 549 634 615; x_wconf 85' lang='lat' dir='ltr'><strong>sacerdotii</strong></span> <span class='ocrx_word' id='word_1_6' title='bbox 647 549 768 613; x_wconf 87' lang='lat' dir='ltr'><strong>inserto</strong></span> <span class='ocrx_word' id='word_1_7' title='bbox 792 549 924 614; x_wconf 88' lang='lat' dir='ltr'><strong>ostiario</strong></span> <span class='ocrx_word' id='word_1_8' title='bbox 947 551 993 615; x_wconf 89' lang='lat' dir='ltr'><strong>ita</strong></span> <span class='ocrx_word' id='word_1_9' title='bbox 1015 551 1161 632; x_wconf 78' lang='lat' dir='ltr'><strong>mutavit,</strong></span> <span class='ocrx_word' id='word_1_10' title='bbox 1186 556 1223 614; x_wconf 93' lang='grc'><strong>61</strong></span> <span class='ocrx_word' id='word_1_11' title='bbox 1243 550 1364 636; x_wconf 61' lang='lat' dir='ltr'><strong>legitur</strong></span> <span class='ocrx_word' id='word_1_12' title='bbox 1386 555 1517 636; x_wconf 87' lang='lat' dir='ltr'><strong>praeter</strong></span> <span class='ocrx_word' id='word_1_13' title='bbox 1537 549 1728 616; x_wconf 85' lang='lat' dir='ltr'><strong>deterrimos</strong></span> <span class='ocrx_word' id='word_1_14' title='bbox 1750 558 1876 617; x_wconf 86' lang='lat' dir='ltr'><strong>nostros</strong></span> 
     </span>
     <span class='ocr_line' id='line_1_3' title="bbox 222 651 1877 740; baseline 0.001 -21"><span class='ocrx_word' id='word_1_15' title='bbox 222 653 297 719; x_wconf 71' lang='grc' dir='ltr'><strong>ΡΜ</strong></span> <span class='ocrx_word' id='word_1_16' title='bbox 318 654 351 717; x_wconf 87' lang='grc'><strong>16</strong></span> <span class='ocrx_word' id='word_1_17' title='bbox 375 651 492 719; x_wconf 91' lang='lat' dir='ltr'><strong>eadem</strong></span> <span class='ocrx_word' id='word_1_18' title='bbox 516 654 659 740; x_wconf 79' lang='lat' dir='ltr'>epitome</span> <span class='ocrx_word' id='word_1_19' title='bbox 682 653 862 736; x_wconf 87' lang='lat' dir='ltr'><strong>Guillermi,</strong></span> <span class='ocrx_word' id='word_1_20' title='bbox 887 675 1024 740; x_wconf 90' lang='lat' dir='ltr'><strong>quaeum</strong></span> <span class='ocrx_word' id='word_1_21' title='bbox 1047 655 1146 719; x_wconf 88' lang='lat' dir='ltr'><strong>etiam</strong></span> <span class='ocrx_word' id='word_1_22' title='bbox 1170 655 1329 720; x_wconf 90' lang='lat' dir='ltr'><strong>consentit</strong></span> <span class='ocrx_word' id='word_1_23' title='bbox 1353 655 1386 718; x_wconf 92' lang='lat' dir='ltr'><strong>in</strong></span> <span class='ocrx_word' id='word_1_24' title='bbox 1402 655 1541 719; x_wconf 90' lang='lat' dir='ltr'><strong>lectione</strong></span> <span class='ocrx_word' id='word_1_25' title='bbox 1565 657 1877 737; x_wconf 67' lang='lat' dir='ltr'><strong>sanquinem</strong></span> 
     </span>
     <span class='ocr_line' id='line_1_4' title="bbox 222 757 1878 846; baseline 0.002 -23"><span class='ocrx_word' id='word_1_26' title='bbox 222 757 336 823; x_wconf 73' lang='lat' dir='ltr'><strong>laben</strong></span> <span class='ocrx_word' id='word_1_27' title='bbox 360 762 393 822; x_wconf 92' lang='lat' dir='ltr'><strong>et</strong></span> <span class='ocrx_word' id='word_1_28' title='bbox 415 757 501 822; x_wconf 87' lang='lat' dir='ltr'><strong>alibi.</strong></span> <span class='ocrx_word' id='word_1_29' title='bbox 546 758 626 824; x_wconf 83' lang='lat' dir='ltr'>Post</span> <span class='ocrx_word' id='word_1_30' title='bbox 650 758 749 825; x_wconf 87' lang='lat' dir='ltr'><strong>verba</strong></span> <span class='ocrx_word' id='word_1_31' title='bbox 771 761 823 842; x_wconf 90' lang='grc'><strong>99,</strong></span> <span class='ocrx_word' id='word_1_32' title='bbox 839 783 864 823; x_wconf 83' lang='lat' dir='ltr'><strong>rs</strong></span> <span class='ocrx_word' id='word_1_33' title='bbox 891 759 1020 840; x_wconf 68' lang='lat' dir='ltr'><strong>scripsit</strong></span> <span class='ocrx_word' id='word_1_34' title='bbox 1042 780 1286 825; x_wconf 75' lang='lat' dir='ltr'><strong>eontmemorans</strong></span> <span class='ocrx_word' id='word_1_35' title='bbox 1308 760 1391 825; x_wconf 88' lang='lat' dir='ltr'><strong>baec</strong></span> <span class='ocrx_word' id='word_1_36' title='bbox 1412 759 1528 825; x_wconf 88' lang='lat' dir='ltr'><strong>habet:</strong></span> <span class='ocrx_word' id='word_1_37' title='bbox 1561 761 1659 825; x_wconf 80' lang='lat' dir='ltr'><strong>buius</strong></span> <span class='ocrx_word' id='word_1_38' title='bbox 1687 761 1878 846; x_wconf 71' lang='lat' dir='ltr'><strong>temporibus</strong></span> 
     </span>
     <span class='ocr_line' id='line_1_5' title="bbox 220 860 1878 948; baseline 0.001 -23"><span class='ocrx_word' id='word_1_39' title='bbox 220 861 297 943; x_wconf 77' lang='lat' dir='ltr'><strong>feeit</strong></span> <span class='ocrx_word' id='word_1_40' title='bbox 318 860 436 926; x_wconf 87' lang='lat' dir='ltr'><strong>Petrus</strong></span> <span class='ocrx_word' id='word_1_41' title='bbox 457 861 621 946; x_wconf 70' lang='grc'>6666666666</span> <span class='ocrx_word' id='word_1_42' title='bbox 641 860 803 945; x_wconf 78' lang='grc'>1111166166</span> <span class='ocrx_word' id='word_1_43' title='bbox 825 862 863 927; x_wconf 87' lang='lat' dir='ltr'><strong>de</strong></span> <span class='ocrx_word' id='word_1_44' title='bbox 882 867 972 944; x_wconf 75' lang='lat' dir='ltr'><strong>pente</strong></span> <span class='ocrx_word' id='word_1_45' title='bbox 994 862 1131 927; x_wconf 79' lang='lat' dir='ltr'><strong>Athenis</strong></span> <span class='ocrx_word' id='word_1_46' title='bbox 1146 863 1194 948; x_wconf 64' lang='lat' dir='ltr'><strong>(i)</strong></span> <span class='ocrx_word' id='word_1_47' title='bbox 1218 863 1383 928; x_wconf 82' lang='lat' dir='ltr'><strong>basilicam</strong></span> <span class='ocrx_word' id='word_1_48' title='bbox 1405 868 1536 928; x_wconf 74' lang='lat' dir='ltr'><strong>sassetae</strong></span> <span class='ocrx_word' id='word_1_49' title='bbox 1557 863 1697 930; x_wconf 85' lang='lat' dir='ltr'><strong>Sabinae</strong></span> <span class='ocrx_word' id='word_1_50' title='bbox 1718 865 1754 928; x_wconf 88' lang='lat' dir='ltr'><strong>in</strong></span> <span class='ocrx_word' id='word_1_51' title='bbox 1775 868 1878 928; x_wconf 90' lang='lat' dir='ltr'><strong>monte</strong></span> 
     </span>
     <span class='ocr_line' id='line_1_6' title="bbox 222 964 1878 1050; baseline 0.002 -21"><span class='ocrx_word' id='word_1_52' title='bbox 222 964 380 1030; x_wconf 73' lang='grc'>66661166</span> <span class='ocrx_word' id='word_1_53' title='bbox 402 964 439 1029; x_wconf 92' lang='lat' dir='ltr'><strong>in</strong></span> <span class='ocrx_word' id='word_1_54' title='bbox 459 965 536 1030; x_wconf 83' lang='lat' dir='ltr'><strong>urbe</strong></span> <span class='ocrx_word' id='word_1_55' title='bbox 558 965 662 1031; x_wconf 73' lang='lat' dir='ltr'><strong>Rauca</strong></span> <span class='ocrx_word' id='word_1_56' title='bbox 683 966 778 1030; x_wconf 81' lang='lat' dir='ltr'><strong>iuata</strong></span> <span class='ocrx_word' id='word_1_57' title='bbox 801 966 1027 1032; x_wconf 80' lang='lat' dir='ltr'><strong>monasterium</strong></span> <span class='ocrx_word' id='word_1_58' title='bbox 1048 967 1154 1032; x_wconf 88' lang='lat' dir='ltr'><strong>saneti</strong></span> <span class='ocrx_word' id='word_1_59' title='bbox 1175 966 1358 1048; x_wconf 74' lang='lat' dir='ltr'><strong>Bonifaeii,</strong></span> <span class='ocrx_word' id='word_1_60' title='bbox 1388 968 1424 1032; x_wconf 91' lang='lat' dir='ltr'><strong>in</strong></span> <span class='ocrx_word' id='word_1_61' title='bbox 1450 987 1516 1050; x_wconf 80' lang='lat' dir='ltr'><strong>qua</strong></span> <span class='ocrx_word' id='word_1_62' title='bbox 1538 971 1567 1033; x_wconf 91' lang='grc'><strong>61</strong></span> <span class='ocrx_word' id='word_1_63' title='bbox 1588 973 1720 1034; x_wconf 72' lang='lat' dir='ltr'><strong>sanetius</strong></span> <span class='ocrx_word' id='word_1_64' title='bbox 1742 968 1878 1032; x_wconf 74' lang='grc'>6166166</span> 
     </span>
     <span class='ocr_line' id='line_1_7' title="bbox 221 1069 1876 1159; baseline 0.001 -25"><span class='ocrx_word' id='word_1_65' title='bbox 221 1069 320 1146; x_wconf 85' lang='lat' dir='ltr'><strong>iacet,</strong></span> <span class='ocrx_word' id='word_1_66' title='bbox 348 1073 476 1155; x_wconf 89' lang='lat' dir='ltr'><strong>sumpta</strong></span> <span class='ocrx_word' id='word_1_67' title='bbox 508 1089 550 1133; x_wconf 84' lang='lat' dir='ltr'><strong>ex</strong></span> <span class='ocrx_word' id='word_1_68' title='bbox 577 1075 670 1156; x_wconf 88' lang='lat' dir='ltr'><strong>parte</strong></span> <span class='ocrx_word' id='word_1_69' title='bbox 704 1091 747 1135; x_wconf 84' lang='lat' dir='ltr'><strong>ex</strong></span> <span class='ocrx_word' id='word_1_70' title='bbox 774 1070 847 1136; x_wconf 89' lang='lat' dir='ltr'><strong>loeo</strong></span> <span class='ocrx_word' id='word_1_71' title='bbox 875 1075 973 1153; x_wconf 84' lang='grc'>109,6</span> <span class='ocrx_word' id='word_1_72' title='bbox 995 1071 1125 1157; x_wconf 90' lang='lat' dir='ltr'><strong>proprio</strong></span> <span class='ocrx_word' id='word_1_73' title='bbox 1150 1072 1246 1136; x_wconf 78' lang='lat' dir='ltr'><strong>classi</strong></span> <span class='ocrx_word' id='word_1_74' title='bbox 1269 1072 1285 1136; x_wconf 95' lang='lat' dir='ltr'>I</span> <span class='ocrx_word' id='word_1_75' title='bbox 1309 1071 1433 1156; x_wconf 89' lang='grc' dir='ltr'>61Π1,</span> <span class='ocrx_word' id='word_1_76' title='bbox 1463 1079 1620 1159; x_wconf 82' lang='lat' dir='ltr'><strong>exparte</strong></span> <span class='ocrx_word' id='word_1_77' title='bbox 1644 1093 1687 1138; x_wconf 81' lang='lat' dir='ltr'><strong>ex</strong></span> <span class='ocrx_word' id='word_1_78' title='bbox 1710 1071 1876 1159; x_wconf 88' lang='lat' dir='ltr'><strong>epitaphio</strong></span> 
     </span>
     <span class='ocr_line' id='line_1_8' title="bbox 225 1171 1700 1261; baseline 0.002 -25"><span class='ocrx_word' id='word_1_79' title='bbox 225 1171 331 1237; x_wconf 90' lang='lat' dir='ltr'><strong>adhuc</strong></span> <span class='ocrx_word' id='word_1_80' title='bbox 353 1178 520 1259; x_wconf 89' lang='lat' dir='ltr'><strong>prostante</strong></span> <span class='ocrx_word' id='word_1_81' title='bbox 543 1172 670 1240; x_wconf 90' lang='lat' dir='ltr'><strong>Romae</strong></span> <span class='ocrx_word' id='word_1_82' title='bbox 692 1174 725 1239; x_wconf 91' lang='lat' dir='ltr'><strong>in</strong></span> <span class='ocrx_word' id='word_1_83' title='bbox 750 1175 888 1240; x_wconf 89' lang='lat' dir='ltr'><strong>eeclesia</strong></span> <span class='ocrx_word' id='word_1_84' title='bbox 911 1178 1043 1238; x_wconf 84' lang='grc'>6666166</span> <span class='ocrx_word' id='word_1_85' title='bbox 1067 1173 1207 1240; x_wconf 79' lang='lat' dir='ltr'>Sabinae</span> <span class='ocrx_word' id='word_1_86' title='bbox 1232 1174 1418 1258; x_wconf 90' lang='lat' dir='ltr'><strong>(Duchesne</strong></span> <span class='ocrx_word' id='word_1_87' title='bbox 1441 1177 1537 1242; x_wconf 88' lang='grc'>6611</span> <span class='ocrx_word' id='word_1_88' title='bbox 1563 1198 1595 1261; x_wconf 91' lang='lat' dir='ltr'><strong>p.</strong></span> <span class='ocrx_word' id='word_1_89' title='bbox 1613 1174 1700 1261; x_wconf 86' lang='grc'>236).</span> 
     </span>
    </p>

    <p class='ocr_par' dir='ltr' id='par_1_3' title="bbox 326 1275 2014 1365">
     <span class='ocr_line' id='line_1_9' title="bbox 326 1275 2014 1365; baseline 0.001 -25"><span class='ocrx_word' id='word_1_90' title='bbox 326 1275 489 1341; x_wconf 78' lang='lat' dir='ltr'><strong>Parisinus</strong></span> <span class='ocrx_word' id='word_1_91' title='bbox 513 1280 574 1341; x_wconf 84' lang='grc'><strong>317</strong></span> <span class='ocrx_word' id='word_1_92' title='bbox 604 1297 690 1343; x_wconf 88' lang='grc'>6666.</span> <span class='ocrx_word' id='word_1_93' title='bbox 706 1277 774 1342; x_wconf 91' lang='lat' dir='ltr'><strong>XII</strong></span> <span class='ocrx_word' id='word_1_94' title='bbox 801 1277 919 1362; x_wconf 89' lang='lat' dir='ltr'><strong>(Duch.</strong></span> <span class='ocrx_word' id='word_1_95' title='bbox 943 1298 974 1364; x_wconf 89' lang='lat' dir='ltr'><strong>p.</strong></span> <span class='ocrx_word' id='word_1_96' title='bbox 998 1277 1178 1364; x_wconf 89' lang='lat' dir='ltr'><strong>CLXVH).</strong></span> <span class='ocrx_word' id='word_1_97' title='bbox 1232 1279 1385 1344; x_wconf 82' lang='lat' dir='ltr'><strong>Pervenit</strong></span> <span class='ocrx_word' id='word_1_98' title='bbox 1414 1278 1457 1344; x_wconf 88' lang='lat' dir='ltr'><strong>ad</strong></span> <span class='ocrx_word' id='word_1_99' title='bbox 1485 1278 1729 1344; x_wconf 86' lang='lat' dir='ltr'><strong>Constantinum</strong></span> <span class='ocrx_word' id='word_1_100' title='bbox 1757 1280 1879 1365; x_wconf 88' lang='lat' dir='ltr'><strong>pariter</strong></span> <span class='ocrx_word' id='word_1_101' title='bbox 1898 1291 1936 1348; x_wconf 75' lang='lat'><strong>11⁸</strong></span> <span class='ocrx_word' id='word_1_102' title='bbox 1949 1307 2014 1358; x_wconf 73' lang='lat' dir='ltr'><strong>spec.</strong></span> 
     </span>
    </p>

    <p class='ocr_par' dir='ltr' id='par_1_4' title="bbox 159 1378 1882 2300">
     <span class='ocr_line' id='line_1_10' title="bbox 223 1378 1879 1470; baseline 0.001 -25"><span class='ocrx_word' id='word_1_103' title='bbox 223 1380 384 1466; x_wconf 52' lang='grc' dir='ltr'><strong>6166664ι</strong></span> <span class='ocrx_word' id='word_1_104' title='bbox 408 1378 535 1446; x_wconf 87' lang='grc'>6616616</span> <span class='ocrx_word' id='word_1_105' title='bbox 557 1383 713 1448; x_wconf 88' lang='lat' dir='ltr'><strong>lemmate</strong></span> <span class='ocrx_word' id='word_1_106' title='bbox 735 1382 872 1448; x_wconf 83' lang='lat' dir='ltr'><strong>fortasse</strong></span> <span class='ocrx_word' id='word_1_107' title='bbox 897 1403 940 1448; x_wconf 82' lang='lat' dir='ltr'><strong>ex</strong></span> <span class='ocrx_word' id='word_1_108' title='bbox 961 1383 1119 1448; x_wconf 88' lang='lat' dir='ltr'><strong>laterculo</strong></span> <span class='ocrx_word' id='word_1_109' title='bbox 1143 1383 1251 1470; x_wconf 92' lang='lat' dir='ltr'><strong>aliquo</strong></span> <span class='ocrx_word' id='word_1_110' title='bbox 1276 1381 1446 1470; x_wconf 90' lang='lat' dir='ltr'><strong>desumpto</strong></span> <span class='ocrx_word' id='word_1_111' title='bbox 1470 1384 1679 1448; x_wconf 89' lang='lat' dir='ltr'><strong>successoris:</strong></span> <span class='ocrx_word' id='word_1_112' title='bbox 1707 1381 1879 1464; x_wconf 66' lang='lat' dir='ltr'><strong>Caeparius</strong></span> 
     </span>
     <span class='ocr_line' id='line_1_11' title="bbox 222 1483 1878 1568; baseline 0 -18"><span class='ocrx_word' id='word_1_113' title='bbox 222 1484 351 1550; x_wconf 74' lang='grc'>6611666</span> <span class='ocrx_word' id='word_1_114' title='bbox 374 1483 541 1551; x_wconf 71' lang='lat' dir='ltr'><strong>Ronanus</strong></span> <span class='ocrx_word' id='word_1_115' title='bbox 562 1491 713 1568; x_wconf 79' lang='grc'>6666166</span> <span class='ocrx_word' id='word_1_116' title='bbox 734 1486 899 1554; x_wconf 74' lang='grc'>61666611).</span> <span class='ocrx_word' id='word_1_117' title='bbox 942 1487 1097 1552; x_wconf 82' lang='lat' dir='ltr'><strong>Pormula</strong></span> <span class='ocrx_word' id='word_1_118' title='bbox 1113 1509 1174 1568; x_wconf 81' lang='lat' dir='ltr'><strong>per</strong></span> <span class='ocrx_word' id='word_1_119' title='bbox 1196 1487 1321 1552; x_wconf 85' lang='lat' dir='ltr'><strong>diversa</strong></span> <span class='ocrx_word' id='word_1_120' title='bbox 1343 1486 1412 1552; x_wconf 86' lang='grc'>1666</span> <span class='ocrx_word' id='word_1_121' title='bbox 1442 1493 1475 1552; x_wconf 91' lang='grc'><strong>61</strong></span> <span class='ocrx_word' id='word_1_122' title='bbox 1497 1487 1703 1553; x_wconf 89' lang='lat' dir='ltr'><strong>donariorum</strong></span> <span class='ocrx_word' id='word_1_123' title='bbox 1726 1507 1878 1551; x_wconf 81' lang='lat' dir='ltr'><strong>recensus</strong></span> 
     </span>
     <span class='ocr_line' id='line_1_12' title="bbox 223 1586 1877 1678; baseline 0.001 -26"><span class='ocrx_word' id='word_1_124' title='bbox 223 1587 343 1674; x_wconf 91' lang='lat' dir='ltr'><strong>passim</strong></span> <span class='ocrx_word' id='word_1_125' title='bbox 366 1586 528 1656; x_wconf 87' lang='lat' dir='ltr'><strong>deficiunt.</strong></span> <span class='ocrx_word' id='word_1_126' title='bbox 574 1589 687 1656; x_wconf 81' lang='lat' dir='ltr'>Codex</span> <span class='ocrx_word' id='word_1_127' title='bbox 709 1597 745 1655; x_wconf 87' lang='lat' dir='ltr'><strong>ut</strong></span> <span class='ocrx_word' id='word_1_128' title='bbox 767 1590 903 1677; x_wconf 91' lang='lat' dir='ltr'><strong>primam</strong></span> <span class='ocrx_word' id='word_1_129' title='bbox 927 1591 1064 1656; x_wconf 89' lang='lat' dir='ltr'><strong>classem</strong></span> <span class='ocrx_word' id='word_1_130' title='bbox 1087 1592 1241 1678; x_wconf 91' lang='lat' dir='ltr'><strong>sequitur,</strong></span> <span class='ocrx_word' id='word_1_131' title='bbox 1265 1591 1437 1678; x_wconf 79' lang='lat' dir='ltr'><strong>aliquoties</strong></span> <span class='ocrx_word' id='word_1_132' title='bbox 1463 1589 1509 1677; x_wconf 83' lang='lat'><strong>(2,</strong></span> <span class='ocrx_word' id='word_1_133' title='bbox 1524 1617 1547 1656; x_wconf 82' lang='grc'><strong>6.</strong></span> <span class='ocrx_word' id='word_1_134' title='bbox 1561 1616 1585 1658; x_wconf 86' lang='grc'><strong>6.</strong></span> <span class='ocrx_word' id='word_1_135' title='bbox 1601 1616 1626 1656; x_wconf 83' lang='grc' dir='ltr'><strong>ιο</strong></span> <span class='ocrx_word' id='word_1_136' title='bbox 1641 1587 1718 1676; x_wconf 93' lang='grc'>661.)</span> <span class='ocrx_word' id='word_1_137' title='bbox 1743 1611 1877 1656; x_wconf 90' lang='grc'>666666-</span> 
     </span>
     <span class='ocr_line' id='line_1_13' title="bbox 222 1691 1878 1783; baseline 0.001 -26"><span class='ocrx_word' id='word_1_138' title='bbox 222 1691 306 1757; x_wconf 91' lang='lat' dir='ltr'><strong>tieus</strong></span> <span class='ocrx_word' id='word_1_139' title='bbox 328 1712 401 1757; x_wconf 89' lang='lat' dir='ltr'><strong>cum</strong></span> <span class='ocrx_word' id='word_1_140' title='bbox 422 1699 533 1758; x_wconf 92' lang='lat' dir='ltr'><strong>nostro</strong></span> <span class='ocrx_word' id='word_1_141' title='bbox 557 1693 592 1776; x_wconf 87' lang='lat' dir='ltr'><strong>Y,</strong></span> <span class='ocrx_word' id='word_1_142' title='bbox 616 1694 662 1758; x_wconf 89' lang='lat' dir='ltr'><strong>ita</strong></span> <span class='ocrx_word' id='word_1_143' title='bbox 683 1715 748 1758; x_wconf 91' lang='lat' dir='ltr'><strong>non</strong></span> <span class='ocrx_word' id='word_1_144' title='bbox 772 1693 888 1760; x_wconf 81' lang='lat' dir='ltr'><strong>desunt</strong></span> <span class='ocrx_word' id='word_1_145' title='bbox 910 1696 974 1760; x_wconf 93' lang='lat' dir='ltr'><strong>loei</strong></span> <span class='ocrx_word' id='word_1_146' title='bbox 995 1695 1159 1783; x_wconf 85' lang='lat' dir='ltr'><strong>adsumpti</strong></span> <span class='ocrx_word' id='word_1_147' title='bbox 1181 1716 1225 1759; x_wconf 82' lang='lat' dir='ltr'><strong>ex</strong></span> <span class='ocrx_word' id='word_1_148' title='bbox 1247 1696 1349 1760; x_wconf 88' lang='lat' dir='ltr'><strong>alasse</strong></span> <span class='ocrx_word' id='word_1_149' title='bbox 1374 1695 1471 1760; x_wconf 88' lang='lat' dir='ltr'><strong>tertia</strong></span> <span class='ocrx_word' id='word_1_150' title='bbox 1493 1695 1561 1780; x_wconf 79' lang='grc'>(51,</span> <span class='ocrx_word' id='word_1_151' title='bbox 1578 1719 1598 1758; x_wconf 85' lang='lat' dir='ltr'><strong>s.</strong></span> <span class='ocrx_word' id='word_1_152' title='bbox 1615 1719 1627 1758; x_wconf 87' lang='grc'><strong>6</strong></span> <span class='ocrx_word' id='word_1_153' title='bbox 1644 1695 1729 1778; x_wconf 82' lang='grc'>661).</span> <span class='ocrx_word' id='word_1_154' title='bbox 1778 1694 1878 1759; x_wconf 89' lang='lat' dir='ltr'><strong>Prac-</strong></span> 
     </span>
     <span class='ocr_line' id='line_1_14' title="bbox 223 1795 1880 1885; baseline 0.001 -25"><span class='ocrx_word' id='word_1_155' title='bbox 223 1799 315 1860; x_wconf 91' lang='lat' dir='ltr'><strong>terea</strong></span> <span class='ocrx_word' id='word_1_156' title='bbox 337 1798 456 1882; x_wconf 87' lang='lat' dir='ltr'><strong>passim</strong></span> <span class='ocrx_word' id='word_1_157' title='bbox 479 1797 653 1863; x_wconf 85' lang='lat' dir='ltr'><strong>lectionem</strong></span> <span class='ocrx_word' id='word_1_158' title='bbox 676 1797 827 1863; x_wconf 89' lang='lat' dir='ltr'><strong>traditam</strong></span> <span class='ocrx_word' id='word_1_159' title='bbox 850 1799 999 1864; x_wconf 85' lang='lat' dir='ltr'><strong>librarius</strong></span> <span class='ocrx_word' id='word_1_160' title='bbox 1023 1805 1147 1865; x_wconf 88' lang='lat' dir='ltr'><strong>temere</strong></span> <span class='ocrx_word' id='word_1_161' title='bbox 1170 1800 1372 1882; x_wconf 85' lang='lat' dir='ltr'><strong>immutavit,</strong></span> <span class='ocrx_word' id='word_1_162' title='bbox 1396 1805 1432 1864; x_wconf 92' lang='grc'><strong>61</strong></span> <span class='ocrx_word' id='word_1_163' title='bbox 1455 1803 1507 1881; x_wconf 89' lang='grc'><strong>48,</strong></span> <span class='ocrx_word' id='word_1_164' title='bbox 1523 1824 1547 1863; x_wconf 83' lang='lat' dir='ltr'><strong>a</strong></span> <span class='ocrx_word' id='word_1_165' title='bbox 1570 1799 1608 1863; x_wconf 83' lang='lat' dir='ltr'><strong>de</strong></span> <span class='ocrx_word' id='word_1_166' title='bbox 1630 1819 1719 1864; x_wconf 79' lang='grc'>66166</span> <span class='ocrx_word' id='word_1_167' title='bbox 1741 1795 1880 1885; x_wconf 86' lang='lat' dir='ltr'><strong>ecelesia]</strong></span> 
     </span>
     <span class='ocr_line' id='line_1_15' title="bbox 159 1899 1880 1991; baseline 0.005 -33"><span class='ocrx_word' id='word_1_168' title='bbox 159 1955 160 1958; x_wconf 74' lang='grc'>,</span> <span class='ocrx_word' id='word_1_169' title='bbox 222 1920 280 1980; x_wconf 85' lang='lat' dir='ltr'><strong>per</strong></span> <span class='ocrx_word' id='word_1_170' title='bbox 301 1920 327 1964; x_wconf 92' lang='lat' dir='ltr'><strong>a.</strong></span> <span class='ocrx_word' id='word_1_171' title='bbox 352 1922 377 1966; x_wconf 91' lang='lat' dir='ltr'><strong>e.</strong></span> <span class='ocrx_word' id='word_1_172' title='bbox 401 1939 441 1947; x_wconf 93' lang='lat'><em>-</em></span> <span class='ocrx_word' id='word_1_173' title='bbox 466 1905 545 1981; x_wconf 84' lang='grc'>52,6</span> <span class='ocrx_word' id='word_1_174' title='bbox 568 1899 703 1989; x_wconf 73' lang='lat' dir='ltr'><strong>manino]</strong></span> <span class='ocrx_word' id='word_1_175' title='bbox 726 1903 867 1968; x_wconf 89' lang='lat' dir='ltr'><strong>omnium</strong></span> <span class='ocrx_word' id='word_1_176' title='bbox 897 1940 936 1948; x_wconf 97' lang='lat'><em>-</em></span> <span class='ocrx_word' id='word_1_177' title='bbox 972 1909 1071 1986; x_wconf 85' lang='grc'>191,6</span> <span class='ocrx_word' id='word_1_178' title='bbox 1098 1904 1181 1969; x_wconf 87' lang='lat' dir='ltr'><strong>duas</strong></span> <span class='ocrx_word' id='word_1_179' title='bbox 1210 1900 1362 1991; x_wconf 75' lang='lat' dir='ltr'><strong>haereses]</strong></span> <span class='ocrx_word' id='word_1_180' title='bbox 1389 1923 1490 1968; x_wconf 87' lang='lat' dir='ltr'><strong>unam</strong></span> <span class='ocrx_word' id='word_1_181' title='bbox 1516 1902 1673 1968; x_wconf 79' lang='lat' dir='ltr'><strong>haeresem</strong></span> <span class='ocrx_word' id='word_1_182' title='bbox 1697 1941 1736 1950; x_wconf 89' lang='lat'>-</span> <span class='ocrx_word' id='word_1_183' title='bbox 1769 1907 1840 1984; x_wconf 86' lang='grc'>160,</span> <span class='ocrx_word' id='word_1_184' title='bbox 1857 1927 1880 1966; x_wconf 80' lang='grc' dir='ltr'><strong>ιι</strong></span> 
     </span>
     <span class='ocr_line' id='line_1_16' title="bbox 224 2000 1882 2091; baseline 0.002 -25"><span class='ocrx_word' id='word_1_185' title='bbox 224 2000 349 2091; x_wconf 70' lang='lat' dir='ltr'><strong>wiern]</strong></span> <span class='ocrx_word' id='word_1_186' title='bbox 372 2004 489 2070; x_wconf 84' lang='lat' dir='ltr'><strong>sedens.</strong></span> <span class='ocrx_word' id='word_1_187' title='bbox 534 2004 607 2070; x_wconf 90' lang='lat' dir='ltr'><strong>Uno</strong></span> <span class='ocrx_word' id='word_1_188' title='bbox 631 2006 701 2070; x_wconf 91' lang='lat' dir='ltr'><strong>loco</strong></span> <span class='ocrx_word' id='word_1_189' title='bbox 727 2010 796 2088; x_wconf 84' lang='grc'>106,</span> <span class='ocrx_word' id='word_1_190' title='bbox 813 2033 837 2070; x_wconf 84' lang='grc' dir='ltr'><strong>ιι</strong></span> <span class='ocrx_word' id='word_1_191' title='bbox 860 2012 987 2071; x_wconf 84' lang='lat' dir='ltr'><strong>textum</strong></span> <span class='ocrx_word' id='word_1_192' title='bbox 1011 2009 1121 2072; x_wconf 90' lang='lat' dir='ltr'><strong>classis</strong></span> <span class='ocrx_word' id='word_1_193' title='bbox 1144 2009 1261 2072; x_wconf 84' lang='lat' dir='ltr'><strong>tertiae</strong></span> <span class='ocrx_word' id='word_1_194' title='bbox 1284 2008 1432 2073; x_wconf 83' lang='lat' dir='ltr'><strong>mutilum</strong></span> <span class='ocrx_word' id='word_1_195' title='bbox 1457 2006 1605 2072; x_wconf 89' lang='lat' dir='ltr'><strong>librarius</strong></span> <span class='ocrx_word' id='word_1_196' title='bbox 1628 2027 1672 2070; x_wconf 84' lang='lat' dir='ltr'><strong>ex</strong></span> <span class='ocrx_word' id='word_1_197' title='bbox 1696 2007 1882 2071; x_wconf 87' lang='lat' dir='ltr'><strong>coniectura</strong></span> 
     </span>
     <span class='ocr_line' id='line_1_17' title="bbox 224 2107 1881 2198; baseline 0.001 -26"><span class='ocrx_word' id='word_1_198' title='bbox 224 2107 420 2174; x_wconf 84' lang='lat' dir='ltr'><strong>reformarit.</strong></span> <span class='ocrx_word' id='word_1_199' title='bbox 464 2108 518 2174; x_wconf 78' lang='lat' dir='ltr'><strong>Ad</strong></span> <span class='ocrx_word' id='word_1_200' title='bbox 541 2111 651 2175; x_wconf 87' lang='lat' dir='ltr'><strong>classis</strong></span> <span class='ocrx_word' id='word_1_201' title='bbox 674 2111 798 2197; x_wconf 89' lang='lat' dir='ltr'><strong>primae</strong></span> <span class='ocrx_word' id='word_1_202' title='bbox 822 2111 990 2198; x_wconf 83' lang='lat' dir='ltr'><strong>archetypi</strong></span> <span class='ocrx_word' id='word_1_203' title='bbox 1013 2112 1186 2177; x_wconf 89' lang='lat' dir='ltr'><strong>lectionem</strong></span> <span class='ocrx_word' id='word_1_204' title='bbox 1203 2110 1462 2176; x_wconf 88' lang='lat' dir='ltr'><strong>constituendam</strong></span> <span class='ocrx_word' id='word_1_205' title='bbox 1477 2111 1556 2176; x_wconf 93' lang='lat' dir='ltr'><strong>nihil</strong></span> <span class='ocrx_word' id='word_1_206' title='bbox 1573 2111 1708 2176; x_wconf 87' lang='lat' dir='ltr'><strong>confert.</strong></span> <span class='ocrx_word' id='word_1_207' title='bbox 1733 2148 1771 2158; x_wconf 91' lang='lat'>—</span> <span class='ocrx_word' id='word_1_208' title='bbox 1798 2109 1881 2196; x_wconf 92' lang='lat' dir='ltr'><strong>Spe-</strong></span> 
     </span>
     <span class='ocr_line' id='line_1_18' title="bbox 225 2212 628 2300; baseline 0.007 -24"><span class='ocrx_word' id='word_1_209' title='bbox 225 2212 331 2277; x_wconf 91' lang='lat' dir='ltr'><strong>cimen</strong></span> <span class='ocrx_word' id='word_1_210' title='bbox 353 2214 490 2300; x_wconf 89' lang='lat' dir='ltr'><strong>sumpsit</strong></span> <span class='ocrx_word' id='word_1_211' title='bbox 505 2213 628 2280; x_wconf 89' lang='lat' dir='ltr'><strong>Vidier.</strong></span> 
     </span>
    </p>

    <p class='ocr_par' dir='ltr' id='par_1_5' title="bbox 223 2315 2018 3132">
     <span class='ocr_line' id='line_1_19' title="bbox 328 2315 2018 2406; baseline 0.001 -26"><span class='ocrx_word' id='word_1_212' title='bbox 328 2315 540 2384; x_wconf 87' lang='lat' dir='ltr'><strong>Pictavionsis</strong></span> <span class='ocrx_word' id='word_1_213' title='bbox 555 2340 586 2383; x_wconf 95' lang='lat' dir='ltr'><strong>n.</strong></span> <span class='ocrx_word' id='word_1_214' title='bbox 604 2323 622 2384; x_wconf 87' lang='grc'><strong>6</strong></span> <span class='ocrx_word' id='word_1_215' title='bbox 647 2325 681 2384; x_wconf 87' lang='grc'><strong>61</strong></span> <span class='ocrx_word' id='word_1_216' title='bbox 702 2317 909 2384; x_wconf 83' lang='lat' dir='ltr'><strong>Florentinus</strong></span> <span class='ocrx_word' id='word_1_217' title='bbox 931 2319 1169 2385; x_wconf 76' lang='lat' dir='ltr'><strong>Laurentianus</strong></span> <span class='ocrx_word' id='word_1_218' title='bbox 1184 2319 1508 2386; x_wconf 85' lang='lat' dir='ltr'><strong>Asbburnhamianus</strong></span> <span class='ocrx_word' id='word_1_219' title='bbox 1528 2321 1608 2383; x_wconf 93' lang='grc'>1814</span> <span class='ocrx_word' id='word_1_220' title='bbox 1626 2315 1732 2406; x_wconf 81' lang='grc'>[1737]</span> <span class='ocrx_word' id='word_1_221' title='bbox 1757 2317 1882 2405; x_wconf 89' lang='lat' dir='ltr'><strong>(partes</strong></span> <span class='ocrx_word' id='word_1_222' title='bbox 1900 2331 2018 2396; x_wconf 59' lang='grc'>216666.</span> 
     </span>
     <span class='ocr_line' id='line_1_20' title="bbox 225 2419 1881 2510; baseline 0.001 -26"><span class='ocrx_word' id='word_1_223' title='bbox 225 2419 305 2484; x_wconf 91' lang='lat' dir='ltr'><strong>duae</strong></span> <span class='ocrx_word' id='word_1_224' title='bbox 336 2441 406 2486; x_wconf 90' lang='lat' dir='ltr'><strong>esse</strong></span> <span class='ocrx_word' id='word_1_225' title='bbox 438 2420 556 2486; x_wconf 88' lang='lat' dir='ltr'><strong>codicis</strong></span> <span class='ocrx_word' id='word_1_226' title='bbox 585 2422 729 2488; x_wconf 89' lang='lat' dir='ltr'><strong>eiusdem</strong></span> <span class='ocrx_word' id='word_1_227' title='bbox 757 2423 837 2488; x_wconf 87' lang='grc'>61611</span> <span class='ocrx_word' id='word_1_228' title='bbox 858 2422 1077 2510; x_wconf 84' lang='lat' dir='ltr'><strong>Duchesniue)</strong></span> <span class='ocrx_word' id='word_1_229' title='bbox 1106 2446 1189 2490; x_wconf 89' lang='lat' dir='ltr'><strong>saec.</strong></span> <span class='ocrx_word' id='word_1_230' title='bbox 1213 2424 1340 2509; x_wconf 74' lang='lat' dir='ltr'><strong>XIlXIl</strong></span> <span class='ocrx_word' id='word_1_231' title='bbox 1372 2423 1489 2510; x_wconf 90' lang='lat' dir='ltr'><strong>(Duch.</strong></span> <span class='ocrx_word' id='word_1_232' title='bbox 1513 2445 1544 2510; x_wconf 92' lang='lat' dir='ltr'><strong>p.</strong></span> <span class='ocrx_word' id='word_1_233' title='bbox 1562 2422 1734 2500; x_wconf 88' lang='lat' dir='ltr'>CLXXII;</span> <span class='ocrx_word' id='word_1_234' title='bbox 1757 2422 1881 2487; x_wconf 91' lang='lat' dir='ltr'><strong>Delisle</strong></span> 
     </span>
     <span class='ocr_line' id='line_1_21' title="bbox 223 2524 1882 2615; baseline 0.001 -27"><span class='ocrx_word' id='word_1_235' title='bbox 223 2524 341 2589; x_wconf 87' lang='lat' dir='ltr'><strong>notiees</strong></span> <span class='ocrx_word' id='word_1_236' title='bbox 368 2528 554 2591; x_wconf 81' lang='grc'>6166166116</span> <span class='ocrx_word' id='word_1_237' title='bbox 577 2528 630 2592; x_wconf 84' lang='lat' dir='ltr'><strong>des</strong></span> <span class='ocrx_word' id='word_1_238' title='bbox 657 2549 712 2593; x_wconf 73' lang='lat' dir='ltr'><strong>nis.</strong></span> <span class='ocrx_word' id='word_1_239' title='bbox 741 2529 803 2592; x_wconf 90' lang='grc'>661.</span> <span class='ocrx_word' id='word_1_240' title='bbox 828 2531 907 2610; x_wconf 84' lang='grc' dir='ltr'><strong>32,ι</strong></span> <span class='ocrx_word' id='word_1_241' title='bbox 935 2549 967 2615; x_wconf 89' lang='lat' dir='ltr'><strong>p.</strong></span> <span class='ocrx_word' id='word_1_242' title='bbox 984 2525 1051 2613; x_wconf 89' lang='grc'>81).</span> <span class='ocrx_word' id='word_1_243' title='bbox 1106 2527 1355 2593; x_wconf 83' lang='lat' dir='ltr'><strong>Praescribitur:</strong></span> <span class='ocrx_word' id='word_1_244' title='bbox 1386 2528 1500 2610; x_wconf 75' lang='lat' dir='ltr'><strong>incipit</strong></span> <span class='ocrx_word' id='word_1_245' title='bbox 1527 2525 1732 2608; x_wconf 79' lang='grc'>6616666616’6;</span> <span class='ocrx_word' id='word_1_246' title='bbox 1759 2526 1882 2591; x_wconf 88' lang='grc'>661116</span> 
     </span>
     <span class='ocr_line' id='line_1_22' title="bbox 224 2627 1881 2720; baseline 0.001 -28"><span class='ocrx_word' id='word_1_247' title='bbox 224 2627 392 2694; x_wconf 90' lang='lat' dir='ltr'><strong>Hadriano</strong></span> <span class='ocrx_word' id='word_1_248' title='bbox 409 2629 434 2694; x_wconf 92' lang='grc' dir='ltr'><strong>Ι.</strong></span> <span class='ocrx_word' id='word_1_249' title='bbox 478 2628 631 2696; x_wconf 81' lang='lat' dir='ltr'><strong>Notabile</strong></span> <span class='ocrx_word' id='word_1_250' title='bbox 648 2638 698 2697; x_wconf 87' lang='grc'><strong>661</strong></span> <span class='ocrx_word' id='word_1_251' title='bbox 720 2633 752 2696; x_wconf 87' lang='grc'><strong>16</strong></span> <span class='ocrx_word' id='word_1_252' title='bbox 767 2633 872 2720; x_wconf 92' lang='lat' dir='ltr'><strong>ipsum</strong></span> <span class='ocrx_word' id='word_1_253' title='bbox 894 2637 1021 2697; x_wconf 87' lang='lat' dir='ltr'><strong>textum</strong></span> <span class='ocrx_word' id='word_1_254' title='bbox 1037 2633 1192 2698; x_wconf 89' lang='lat' dir='ltr'><strong>insertum</strong></span> <span class='ocrx_word' id='word_1_255' title='bbox 1209 2631 1466 2698; x_wconf 88' lang='lat' dir='ltr'><strong>additamentum</strong></span> <span class='ocrx_word' id='word_1_256' title='bbox 1491 2633 1524 2696; x_wconf 90' lang='lat' dir='ltr'><strong>in</strong></span> <span class='ocrx_word' id='word_1_257' title='bbox 1540 2631 1705 2696; x_wconf 86' lang='grc'>66661166</span> <span class='ocrx_word' id='word_1_258' title='bbox 1722 2629 1881 2697; x_wconf 85' lang='lat' dir='ltr'><strong>Silvestri:</strong></span> 
     </span>
     <span class='ocr_line' id='line_1_23' title="bbox 224 2733 1885 2820; baseline 0 -23"><span class='ocrx_word' id='word_1_259' title='bbox 224 2734 474 2814; x_wconf 78' lang='lat' dir='ltr'><strong>computavimus</strong></span> <span class='ocrx_word' id='word_1_260' title='bbox 498 2735 681 2802; x_wconf 87' lang='lat' dir='ltr'><strong>universnm</strong></span> <span class='ocrx_word' id='word_1_261' title='bbox 708 2742 887 2820; x_wconf 76' lang='grc'>66666166,</span> <span class='ocrx_word' id='word_1_262' title='bbox 917 2758 978 2820; x_wconf 77' lang='lat' dir='ltr'><strong>quo</strong></span> <span class='ocrx_word' id='word_1_263' title='bbox 1011 2735 1242 2803; x_wconf 79' lang='lat' dir='ltr'><strong>Constantinus</strong></span> <span class='ocrx_word' id='word_1_264' title='bbox 1263 2737 1432 2820; x_wconf 71' lang='lat' dir='ltr'><strong>Aupustus</strong></span> <span class='ocrx_word' id='word_1_265' title='bbox 1461 2757 1520 2802; x_wconf 84' lang='grc'><strong>666</strong></span> <span class='ocrx_word' id='word_1_266' title='bbox 1542 2741 1676 2818; x_wconf 57' lang='lat' dir='ltr'><strong>empore</strong></span> <span class='ocrx_word' id='word_1_267' title='bbox 1697 2733 1885 2800; x_wconf 86' lang='lat' dir='ltr'><strong>mirabiliter</strong></span> 
     </span>
     <span class='ocr_line' id='line_1_24' title="bbox 224 2836 1885 2919; baseline 0.001 -19"><span class='ocrx_word' id='word_1_268' title='bbox 224 2836 367 2902; x_wconf 85' lang='lat' dir='ltr'><strong>diversus</strong></span> <span class='ocrx_word' id='word_1_269' title='bbox 388 2837 558 2904; x_wconf 75' lang='grc'>6616666611</span> <span class='ocrx_word' id='word_1_270' title='bbox 578 2839 761 2919; x_wconf 78' lang='grc'>6666166166,</span> <span class='ocrx_word' id='word_1_271' title='bbox 791 2841 827 2906; x_wconf 84' lang='grc'><strong>16</strong></span> <span class='ocrx_word' id='word_1_272' title='bbox 853 2862 1010 2905; x_wconf 62' lang='lat' dir='ltr'><strong>nmmum</strong></span> <span class='ocrx_word' id='word_1_273' title='bbox 1031 2839 1188 2908; x_wconf 82' lang='lat' dir='ltr'><strong>librorum</strong></span> <span class='ocrx_word' id='word_1_274' title='bbox 1210 2842 1314 2906; x_wconf 77' lang='grc'>666666</span> <span class='ocrx_word' id='word_1_275' title='bbox 1335 2847 1365 2908; x_wconf 93' lang='grc'><strong>61</strong></span> <span class='ocrx_word' id='word_1_276' title='bbox 1386 2847 1453 2907; x_wconf 90' lang='grc'>6616</span> <span class='ocrx_word' id='word_1_277' title='bbox 1474 2841 1599 2906; x_wconf 86' lang='lat' dir='ltr'><strong>milium</strong></span> <span class='ocrx_word' id='word_1_278' title='bbox 1622 2845 1652 2906; x_wconf 91' lang='grc'><strong>61</strong></span> <span class='ocrx_word' id='word_1_279' title='bbox 1674 2843 1885 2904; x_wconf 78' lang='lat' dir='ltr'><strong>treoustarnna</strong></span> 
     </span>
     <span class='ocr_line' id='line_1_25' title="bbox 223 2942 1884 3032; baseline -0.001 -26"><span class='ocrx_word' id='word_1_280' title='bbox 223 2942 467 3026; x_wconf 70' lang='lat' dir='ltr'><strong>quinquaqinta,</strong></span> <span class='ocrx_word' id='word_1_281' title='bbox 489 2965 607 3010; x_wconf 83' lang='lat' dir='ltr'><strong>aarum</strong></span> <span class='ocrx_word' id='word_1_282' title='bbox 628 2967 699 3011; x_wconf 87' lang='lat' dir='ltr'><strong>vero</strong></span> <span class='ocrx_word' id='word_1_283' title='bbox 720 2947 757 3010; x_wconf 90' lang='lat' dir='ltr'><strong>in</strong></span> <span class='ocrx_word' id='word_1_284' title='bbox 777 2965 934 3011; x_wconf 79' lang='lat' dir='ltr'><strong>sumniam</strong></span> <span class='ocrx_word' id='word_1_285' title='bbox 956 2944 1111 3010; x_wconf 75' lang='lat' dir='ltr'><strong>librorum</strong></span> <span class='ocrx_word' id='word_1_286' title='bbox 1134 2951 1200 3012; x_wconf 89' lang='lat' dir='ltr'><strong>octo</strong></span> <span class='ocrx_word' id='word_1_287' title='bbox 1222 2945 1348 3012; x_wconf 86' lang='lat' dir='ltr'><strong>milium</strong></span> <span class='ocrx_word' id='word_1_288' title='bbox 1368 2946 1530 3032; x_wconf 87' lang='lat' dir='ltr'><strong>[eeJntum</strong></span> <span class='ocrx_word' id='word_1_289' title='bbox 1551 2945 1728 3027; x_wconf 70' lang='lat' dir='ltr'><strong>nanupinta</strong></span> <span class='ocrx_word' id='word_1_290' title='bbox 1754 2963 1809 3006; x_wconf 81' lang='lat' dir='ltr'><strong>sea</strong></span> <span class='ocrx_word' id='word_1_291' title='bbox 1832 2962 1884 3006; x_wconf 86' lang='grc'><strong>66-</strong></span> 
     </span>
     <span class='ocr_line' id='line_1_26' title="bbox 225 3047 1446 3132; baseline 0.005 -22"><span class='ocrx_word' id='word_1_292' title='bbox 225 3047 323 3128; x_wconf 83' lang='lat' dir='ltr'><strong>ceptis</strong></span> <span class='ocrx_word' id='word_1_293' title='bbox 344 3047 533 3129; x_wconf 77' lang='grc'>6661666666</span> <span class='ocrx_word' id='word_1_294' title='bbox 554 3049 725 3131; x_wconf 66' lang='lat' dir='ltr'><strong>amaus,</strong></span> <span class='ocrx_word' id='word_1_295' title='bbox 748 3071 884 3132; x_wconf 68' lang='lat' dir='ltr'><strong>quanm</strong></span> <span class='ocrx_word' id='word_1_296' title='bbox 898 3050 1030 3132; x_wconf 84' lang='lat' dir='ltr'><strong>pondus</strong></span> <span class='ocrx_word' id='word_1_297' title='bbox 1051 3050 1087 3115; x_wconf 91' lang='lat' dir='ltr'><strong>in</strong></span> <span class='ocrx_word' id='word_1_298' title='bbox 1109 3049 1166 3117; x_wconf 83' lang='lat' dir='ltr'><strong>boe</strong></span> <span class='ocrx_word' id='word_1_299' title='bbox 1189 3050 1267 3117; x_wconf 75' lang='lat' dir='ltr'><strong>labro</strong></span> <span class='ocrx_word' id='word_1_300' title='bbox 1288 3051 1446 3117; x_wconf 83' lang='lat' dir='ltr'><strong>reticetur.</strong></span> 
     </span>
    </p>

    <p class='ocr_par' dir='ltr' id='par_1_6' title="bbox 221 3152 2020 3450">
     <span class='ocr_line' id='line_1_27' title="bbox 328 3152 2020 3242; baseline -0.002 -25"><span class='ocrx_word' id='word_1_301' title='bbox 328 3152 491 3218; x_wconf 88' lang='lat' dir='ltr'><strong>Parisinus</strong></span> <span class='ocrx_word' id='word_1_302' title='bbox 516 3154 641 3218; x_wconf 78' lang='lat' dir='ltr'>4999A</span> <span class='ocrx_word' id='word_1_303' title='bbox 666 3175 751 3220; x_wconf 85' lang='grc'>6666.</span> <span class='ocrx_word' id='word_1_304' title='bbox 767 3153 849 3220; x_wconf 85' lang='lat' dir='ltr'><strong>XIV</strong></span> <span class='ocrx_word' id='word_1_305' title='bbox 866 3153 1051 3237; x_wconf 83' lang='lat' dir='ltr'><strong>(Ducheene</strong></span> <span class='ocrx_word' id='word_1_306' title='bbox 1075 3177 1107 3242; x_wconf 92' lang='grc'><strong>6.</strong></span> <span class='ocrx_word' id='word_1_307' title='bbox 1124 3154 1313 3232; x_wconf 87' lang='lat' dir='ltr'>CLXXIII;</span> <span class='ocrx_word' id='word_1_308' title='bbox 1337 3154 1462 3221; x_wconf 91' lang='lat' dir='ltr'><strong>Delisle</strong></span> <span class='ocrx_word' id='word_1_309' title='bbox 1486 3153 1648 3238; x_wconf 77' lang='grc'>6616166666</span> <span class='ocrx_word' id='word_1_310' title='bbox 1665 3155 1719 3218; x_wconf 84' lang='lat' dir='ltr'><strong>des</strong></span> <span class='ocrx_word' id='word_1_311' title='bbox 1733 3173 1806 3218; x_wconf 76' lang='lat' dir='ltr'><strong>nass.</strong></span> <span class='ocrx_word' id='word_1_312' title='bbox 1829 3153 1884 3218; x_wconf 83' lang='lat' dir='ltr'><strong>des</strong></span> <span class='ocrx_word' id='word_1_313' title='bbox 1902 3161 1943 3213; x_wconf 74' lang='lat'><strong>2¹</strong></span> <span class='ocrx_word' id='word_1_314' title='bbox 1955 3177 2020 3227; x_wconf 73' lang='grc'>6666.</span> 
     </span>
     <span class='ocr_line' id='line_1_28' title="bbox 221 3254 1883 3345; baseline 0 -25"><span class='ocrx_word' id='word_1_315' title='bbox 221 3254 319 3340; x_wconf 82' lang='lat' dir='ltr'><strong>fonds</strong></span> <span class='ocrx_word' id='word_1_316' title='bbox 340 3256 434 3322; x_wconf 72' lang='lat' dir='ltr'><strong>Libii</strong></span> <span class='ocrx_word' id='word_1_317' title='bbox 461 3261 491 3321; x_wconf 90' lang='grc'><strong>61</strong></span> <span class='ocrx_word' id='word_1_318' title='bbox 511 3256 652 3323; x_wconf 79' lang='lat' dir='ltr'><strong>Barrois</strong></span> <span class='ocrx_word' id='word_1_319' title='bbox 674 3279 704 3344; x_wconf 89' lang='lat' dir='ltr'><strong>p.</strong></span> <span class='ocrx_word' id='word_1_320' title='bbox 722 3256 800 3345; x_wconf 84' lang='lat'>203)</span> <span class='ocrx_word' id='word_1_321' title='bbox 832 3264 929 3324; x_wconf 88' lang='lat' dir='ltr'><strong>antea</strong></span> <span class='ocrx_word' id='word_1_322' title='bbox 952 3256 1216 3324; x_wconf 81' lang='lat' dir='ltr'><strong>Cenomanensis.</strong></span> <span class='ocrx_word' id='word_1_323' title='bbox 1268 3257 1472 3324; x_wconf 90' lang='lat' dir='ltr'><strong>Duchesniue</strong></span> <span class='ocrx_word' id='word_1_324' title='bbox 1500 3259 1619 3324; x_wconf 90' lang='lat' dir='ltr'><strong>librum</strong></span> <span class='ocrx_word' id='word_1_325' title='bbox 1646 3280 1711 3323; x_wconf 92' lang='lat' dir='ltr'><strong>nou</strong></span> <span class='ocrx_word' id='word_1_326' title='bbox 1734 3256 1814 3322; x_wconf 87' lang='grc'>61611</span> <span class='ocrx_word' id='word_1_327' title='bbox 1841 3256 1883 3321; x_wconf 90' lang='grc'><strong>66</strong></span> 
     </span>
     <span class='ocr_line' id='line_1_29' title="bbox 227 3361 1787 3450; baseline 0.002 -27"><span class='ocrx_word' id='word_1_328' title='bbox 227 3364 390 3424; x_wconf 83' lang='lat' dir='ltr'><strong>servatum</strong></span> <span class='ocrx_word' id='word_1_329' title='bbox 412 3381 452 3425; x_wconf 92' lang='grc'><strong>66</strong></span> <span class='ocrx_word' id='word_1_330' title='bbox 475 3367 622 3450; x_wconf 90' lang='lat' dir='ltr'><strong>tempore</strong></span> <span class='ocrx_word' id='word_1_331' title='bbox 646 3383 688 3427; x_wconf 81' lang='lat' dir='ltr'><strong>ex</strong></span> <span class='ocrx_word' id='word_1_332' title='bbox 711 3363 796 3429; x_wconf 84' lang='lat' dir='ltr'><strong>furto</strong></span> <span class='ocrx_word' id='word_1_333' title='bbox 819 3363 971 3428; x_wconf 86' lang='lat' dir='ltr'><strong>Libriano</strong></span> <span class='ocrx_word' id='word_1_334' title='bbox 995 3364 1028 3429; x_wconf 92' lang='lat' dir='ltr'><strong>in</strong></span> <span class='ocrx_word' id='word_1_335' title='bbox 1050 3362 1228 3430; x_wconf 87' lang='lat' dir='ltr'><strong>Britannia.</strong></span> <span class='ocrx_word' id='word_1_336' title='bbox 1253 3403 1293 3411; x_wconf 89' lang='lat'>-</span> <span class='ocrx_word' id='word_1_337' title='bbox 1317 3363 1490 3450; x_wconf 91' lang='lat' dir='ltr'><strong>Specimen</strong></span> <span class='ocrx_word' id='word_1_338' title='bbox 1514 3363 1649 3450; x_wconf 87' lang='lat' dir='ltr'><strong>sumpsit</strong></span> <span class='ocrx_word' id='word_1_339' title='bbox 1664 3361 1787 3427; x_wconf 89' lang='lat' dir='ltr'><strong>Vidier.</strong></span> 
     </span>
    </p>

    <p class='ocr_par' dir='ltr' id='par_1_7' title="bbox 228 3465 1884 3863">
     <span class='ocr_line' id='line_1_30' title="bbox 329 3465 1882 3555; baseline 0.001 -26"><span class='ocrx_word' id='word_1_340' title='bbox 329 3465 508 3531; x_wconf 84' lang='lat' dir='ltr'><strong>Vaticanus</strong></span> <span class='ocrx_word' id='word_1_341' title='bbox 530 3469 662 3555; x_wconf 82' lang='lat' dir='ltr'><strong>reginae</strong></span> <span class='ocrx_word' id='word_1_342' title='bbox 689 3471 771 3534; x_wconf 82' lang='grc'>1852</span> <span class='ocrx_word' id='word_1_343' title='bbox 794 3489 878 3535; x_wconf 87' lang='grc'>6666.</span> <span class='ocrx_word' id='word_1_344' title='bbox 895 3467 945 3534; x_wconf 90' lang='lat' dir='ltr'><strong>XI</strong></span> <span class='ocrx_word' id='word_1_345' title='bbox 969 3468 1091 3553; x_wconf 81' lang='lat' dir='ltr'><strong>(Waltz</strong></span> <span class='ocrx_word' id='word_1_346' title='bbox 1113 3491 1209 3534; x_wconf 87' lang='lat' dir='ltr'><strong>nenes</strong></span> <span class='ocrx_word' id='word_1_347' title='bbox 1231 3469 1351 3535; x_wconf 80' lang='lat' dir='ltr'><strong>Arabio</strong></span> <span class='ocrx_word' id='word_1_348' title='bbox 1370 3475 1418 3553; x_wconf 88' lang='grc'>111,</span> <span class='ocrx_word' id='word_1_349' title='bbox 1437 3473 1517 3544; x_wconf 87' lang='grc'><strong>459;</strong></span> <span class='ocrx_word' id='word_1_350' title='bbox 1541 3467 1646 3532; x_wconf 90' lang='lat' dir='ltr'><strong>Duch.</strong></span> <span class='ocrx_word' id='word_1_351' title='bbox 1668 3489 1700 3554; x_wconf 92' lang='lat' dir='ltr'><strong>p.</strong></span> <span class='ocrx_word' id='word_1_352' title='bbox 1717 3465 1882 3550; x_wconf 85' lang='lat' dir='ltr'>CLXXI),</span> 
     </span>
     <span class='ocr_line' id='line_1_31' title="bbox 228 3567 1884 3659; baseline 0.001 -27"><span class='ocrx_word' id='word_1_353' title='bbox 228 3575 325 3633; x_wconf 88' lang='grc'>66166</span> <span class='ocrx_word' id='word_1_354' title='bbox 346 3567 518 3656; x_wconf 81' lang='lat' dir='ltr'><strong>Andegavi</strong></span> <span class='ocrx_word' id='word_1_355' title='bbox 547 3573 580 3636; x_wconf 94' lang='lat' dir='ltr'><strong>in</strong></span> <span class='ocrx_word' id='word_1_356' title='bbox 609 3574 805 3638; x_wconf 90' lang='lat' dir='ltr'><strong>monasterio</strong></span> <span class='ocrx_word' id='word_1_357' title='bbox 839 3572 897 3638; x_wconf 90' lang='lat' dir='ltr'><strong>SS.</strong></span> <span class='ocrx_word' id='word_1_358' title='bbox 922 3574 1028 3659; x_wconf 83' lang='lat' dir='ltr'><strong>Sergii</strong></span> <span class='ocrx_word' id='word_1_359' title='bbox 1060 3573 1250 3640; x_wconf 88' lang='lat' dir='ltr'><strong>etBacchi.</strong></span> <span class='ocrx_word' id='word_1_360' title='bbox 1312 3574 1399 3639; x_wconf 84' lang='lat' dir='ltr'><strong>Finit</strong></span> <span class='ocrx_word' id='word_1_361' title='bbox 1425 3574 1458 3639; x_wconf 92' lang='lat' dir='ltr'><strong>in</strong></span> <span class='ocrx_word' id='word_1_362' title='bbox 1488 3571 1656 3638; x_wconf 88' lang='lat' dir='ltr'><strong>Hadriano</strong></span> <span class='ocrx_word' id='word_1_363' title='bbox 1679 3572 1706 3636; x_wconf 92' lang='grc' dir='ltr'><strong>Ι.</strong></span> <span class='ocrx_word' id='word_1_364' title='bbox 1757 3570 1884 3635; x_wconf 88' lang='lat' dir='ltr'><strong>Omissa</strong></span> 
     </span>
     <span class='ocr_line' id='line_1_32' title="bbox 228 3673 1884 3764; baseline 0 -26"><span class='ocrx_word' id='word_1_365' title='bbox 228 3680 302 3739; x_wconf 87' lang='lat' dir='ltr'><strong>sunt</strong></span> <span class='ocrx_word' id='word_1_366' title='bbox 327 3675 440 3742; x_wconf 89' lang='lat' dir='ltr'><strong>multa.</strong></span> <span class='ocrx_word' id='word_1_367' title='bbox 484 3674 657 3764; x_wconf 90' lang='lat' dir='ltr'><strong>Specimen</strong></span> <span class='ocrx_word' id='word_1_368' title='bbox 685 3698 750 3743; x_wconf 92' lang='lat' dir='ltr'><strong>non</strong></span> <span class='ocrx_word' id='word_1_369' title='bbox 780 3677 917 3762; x_wconf 87' lang='lat' dir='ltr'><strong>sumpsi,</strong></span> <span class='ocrx_word' id='word_1_370' title='bbox 946 3699 1019 3743; x_wconf 90' lang='lat' dir='ltr'><strong>cum</strong></span> <span class='ocrx_word' id='word_1_371' title='bbox 1047 3678 1207 3743; x_wconf 85' lang='lat' dir='ltr'><strong>sufficiant</strong></span> <span class='ocrx_word' id='word_1_372' title='bbox 1237 3699 1320 3764; x_wconf 88' lang='lat' dir='ltr'><strong>quae</strong></span> <span class='ocrx_word' id='word_1_373' title='bbox 1348 3678 1526 3743; x_wconf 86' lang='lat' dir='ltr'><strong>afferuntur</strong></span> <span class='ocrx_word' id='word_1_374' title='bbox 1553 3698 1596 3741; x_wconf 86' lang='lat' dir='ltr'><strong>ex</strong></span> <span class='ocrx_word' id='word_1_375' title='bbox 1624 3676 1714 3741; x_wconf 87' lang='lat' dir='ltr'><strong>libris</strong></span> <span class='ocrx_word' id='word_1_376' title='bbox 1738 3673 1884 3740; x_wconf 87' lang='lat' dir='ltr'><strong>eiusdem</strong></span> 
     </span>
     <span class='ocr_line' id='line_1_33' title="bbox 228 3777 561 3863; baseline 0.015 -20"><span class='ocrx_word' id='word_1_377' title='bbox 228 3778 358 3863; x_wconf 87' lang='lat' dir='ltr'><strong>generis</strong></span> <span class='ocrx_word' id='word_1_378' title='bbox 373 3777 407 3843; x_wconf 88' lang='lat' dir='ltr'><em>Z</em></span> <span class='ocrx_word' id='word_1_379' title='bbox 413 3780 422 3820; x_wconf 90' lang='lat'>¹</span> <span class='ocrx_word' id='word_1_380' title='bbox 448 3787 481 3846; x_wconf 91' lang='grc'><strong>61</strong></span> <span class='ocrx_word' id='word_1_381' title='bbox 503 3779 561 3848; x_wconf 77' lang='lat'><strong>2².</strong></span> 
     </span>
    </p>

    <p class='ocr_par' dir='ltr' id='par_1_8' title="bbox 331 3881 1558 3973">
     <span class='ocr_line' id='line_1_34' title="bbox 331 3881 1558 3973; baseline 0 -25"><span class='ocrx_word' id='word_1_382' title='bbox 331 3882 496 3950; x_wconf 90' lang='lat' dir='ltr'><strong>Parisinus</strong></span> <span class='ocrx_word' id='word_1_383' title='bbox 521 3888 625 3950; x_wconf 89' lang='grc'>12696</span> <span class='ocrx_word' id='word_1_384' title='bbox 649 3884 873 3973; x_wconf 81' lang='grc'>(11661616.)</span> <span class='ocrx_word' id='word_1_385' title='bbox 898 3885 1077 3972; x_wconf 87' lang='lat' dir='ltr'><strong>descriptus</strong></span> <span class='ocrx_word' id='word_1_386' title='bbox 1101 3890 1151 3950; x_wconf 90' lang='grc'><strong>661</strong></span> <span class='ocrx_word' id='word_1_387' title='bbox 1175 3905 1280 3950; x_wconf 86' lang='lat' dir='ltr'><strong>exeo</strong></span> <span class='ocrx_word' id='word_1_388' title='bbox 1305 3885 1359 3971; x_wconf 92' lang='lat' dir='ltr'><strong>qui</strong></span> <span class='ocrx_word' id='word_1_389' title='bbox 1382 3881 1558 3971; x_wconf 89' lang='lat' dir='ltr'><strong>praecedit.</strong></span> 
     </span>
    </p>

    <p class='ocr_par' dir='ltr' id='par_1_9' title="bbox 228 3986 1961 4496">
     <span class='ocr_line' id='line_1_35' title="bbox 333 3986 1961 4070; baseline -0.002 -19"><span class='ocrx_word' id='word_1_390' title='bbox 333 3986 414 4052; x_wconf 83' lang='lat' dir='ltr'><strong>Tres</strong></span> <span class='ocrx_word' id='word_1_391' title='bbox 450 3989 524 4055; x_wconf 90' lang='lat' dir='ltr'><strong>libri</strong></span> <span class='ocrx_word' id='word_1_392' title='bbox 558 3988 769 4056; x_wconf 81' lang='lat' dir='ltr'><strong>Pictaviensis</strong></span> <span class='ocrx_word' id='word_1_393' title='bbox 805 3996 839 4055; x_wconf 92' lang='lat' dir='ltr'><strong>et</strong></span> <span class='ocrx_word' id='word_1_394' title='bbox 874 3989 1079 4056; x_wconf 82' lang='lat' dir='ltr'><strong>Florentinus</strong></span> <span class='ocrx_word' id='word_1_395' title='bbox 1114 3988 1210 4054; x_wconf 87' lang='lat' dir='ltr'><strong>Laur.</strong></span> <span class='ocrx_word' id='word_1_396' title='bbox 1244 3987 1430 4053; x_wconf 79' lang='lat' dir='ltr'><strong>Ashburnb.</strong></span> <span class='ocrx_word' id='word_1_397' title='bbox 1462 3992 1543 4053; x_wconf 91' lang='grc'>1814</span> <span class='ocrx_word' id='word_1_398' title='bbox 1568 4021 1607 4043; x_wconf 96' lang='lat'><strong><em>=</em></strong></span> <span class='ocrx_word' id='word_1_399' title='bbox 1631 3987 1665 4051; x_wconf 86' lang='lat' dir='ltr'><strong><em>Z</em></strong></span> <span class='ocrx_word' id='word_1_400' title='bbox 1670 3989 1690 4070; x_wconf 81' lang='lat'><strong>¹,</strong></span> <span class='ocrx_word' id='word_1_401' title='bbox 1719 3986 1883 4050; x_wconf 85' lang='lat' dir='ltr'><strong>Parisinus</strong></span> <span class='ocrx_word' id='word_1_402' title='bbox 1901 3997 1961 4049; x_wconf 64' lang='grc' dir='ltr'><strong>ΖΜ</strong></span> 
     </span>
     <span class='ocr_line' id='line_1_36' title="bbox 229 4089 1884 4183; baseline -0.003 -27"><span class='ocrx_word' id='word_1_403' title='bbox 229 4091 355 4157; x_wconf 76' lang='grc'>49996</span> <span class='ocrx_word' id='word_1_404' title='bbox 378 4125 418 4148; x_wconf 86' lang='lat'><strong>=</strong></span> <span class='ocrx_word' id='word_1_405' title='bbox 442 4092 501 4178; x_wconf 78' lang='lat'><strong>2²,</strong></span> <span class='ocrx_word' id='word_1_406' title='bbox 523 4094 701 4160; x_wconf 88' lang='lat' dir='ltr'><strong>Vaticanus</strong></span> <span class='ocrx_word' id='word_1_407' title='bbox 724 4096 856 4183; x_wconf 87' lang='lat' dir='ltr'><strong>reginae</strong></span> <span class='ocrx_word' id='word_1_408' title='bbox 879 4116 910 4160; x_wconf 93' lang='lat' dir='ltr'><strong>n.</strong></span> <span class='ocrx_word' id='word_1_409' title='bbox 931 4098 1013 4160; x_wconf 86' lang='grc'>1852</span> <span class='ocrx_word' id='word_1_410' title='bbox 1037 4093 1174 4159; x_wconf 90' lang='lat' dir='ltr'><strong>eandem</strong></span> <span class='ocrx_word' id='word_1_411' title='bbox 1207 4092 1282 4158; x_wconf 91' lang='lat' dir='ltr'><strong>libri</strong></span> <span class='ocrx_word' id='word_1_412' title='bbox 1312 4092 1506 4179; x_wconf 88' lang='lat' dir='ltr'><strong>pontificalis</strong></span> <span class='ocrx_word' id='word_1_413' title='bbox 1529 4092 1695 4179; x_wconf 90' lang='lat' dir='ltr'><strong>epitomen</strong></span> <span class='ocrx_word' id='word_1_414' title='bbox 1717 4089 1884 4170; x_wconf 82' lang='lat' dir='ltr'><strong>exhibent,</strong></span> 
     </span>
     <span class='ocr_line' id='line_1_37' title="bbox 228 4195 1884 4287; baseline -0.004 -25"><span class='ocrx_word' id='word_1_415' title='bbox 228 4197 261 4262; x_wconf 93' lang='lat' dir='ltr'><strong>iu</strong></span> <span class='ocrx_word' id='word_1_416' title='bbox 285 4217 349 4284; x_wconf 90' lang='lat' dir='ltr'><strong>qua</strong></span> <span class='ocrx_word' id='word_1_417' title='bbox 372 4218 455 4285; x_wconf 87' lang='lat' dir='ltr'><strong>quse</strong></span> <span class='ocrx_word' id='word_1_418' title='bbox 479 4197 585 4264; x_wconf 88' lang='lat' dir='ltr'><strong>desint</strong></span> <span class='ocrx_word' id='word_1_419' title='bbox 607 4205 766 4287; x_wconf 89' lang='lat' dir='ltr'><strong>quatenus</strong></span> <span class='ocrx_word' id='word_1_420' title='bbox 788 4200 955 4287; x_wconf 87' lang='lat' dir='ltr'><strong>specimen</strong></span> <span class='ocrx_word' id='word_1_421' title='bbox 976 4199 1125 4286; x_wconf 84' lang='lat' dir='ltr'><strong>pervenit</strong></span> <span class='ocrx_word' id='word_1_422' title='bbox 1146 4199 1179 4263; x_wconf 91' lang='lat' dir='ltr'><strong>in</strong></span> <span class='ocrx_word' id='word_1_423' title='bbox 1202 4203 1361 4285; x_wconf 91' lang='lat' dir='ltr'><strong>apparatu</strong></span> <span class='ocrx_word' id='word_1_424' title='bbox 1384 4195 1551 4262; x_wconf 89' lang='lat' dir='ltr'><strong>indicatur.</strong></span> <span class='ocrx_word' id='word_1_425' title='bbox 1597 4195 1787 4260; x_wconf 88' lang='lat' dir='ltr'><strong>Derivatum</strong></span> <span class='ocrx_word' id='word_1_426' title='bbox 1812 4213 1884 4256; x_wconf 91' lang='lat' dir='ltr'><strong>esse</strong></span> 
     </span>
     <span class='ocr_line' id='line_1_38' title="bbox 230 4297 1885 4393; baseline -0.003 -27"><span class='ocrx_word' id='word_1_427' title='bbox 230 4323 272 4366; x_wconf 83' lang='lat' dir='ltr'><strong>ex</strong></span> <span class='ocrx_word' id='word_1_428' title='bbox 294 4302 365 4388; x_wconf 88' lang='lat' dir='ltr'><strong>ipso</strong></span> <span class='ocrx_word' id='word_1_429' title='bbox 381 4301 522 4368; x_wconf 80' lang='lat' dir='ltr'><strong>Lunensi</strong></span> <span class='ocrx_word' id='word_1_430' title='bbox 545 4310 579 4369; x_wconf 96' lang='grc'><strong>61</strong></span> <span class='ocrx_word' id='word_1_431' title='bbox 601 4305 743 4371; x_wconf 89' lang='grc'>66166611</span> <span class='ocrx_word' id='word_1_432' title='bbox 759 4304 846 4393; x_wconf 90' lang='lat' dir='ltr'><strong>quod</strong></span> <span class='ocrx_word' id='word_1_433' title='bbox 860 4305 947 4370; x_wconf 86' lang='lat' dir='ltr'><strong>vitae</strong></span> <span class='ocrx_word' id='word_1_434' title='bbox 964 4303 1166 4368; x_wconf 76' lang='lat' dir='ltr'><strong>Constantini</strong></span> <span class='ocrx_word' id='word_1_435' title='bbox 1183 4302 1399 4388; x_wconf 88' lang='lat' dir='ltr'><strong>subscriptum</strong></span> <span class='ocrx_word' id='word_1_436' title='bbox 1424 4306 1474 4365; x_wconf 93' lang='grc'><strong>661</strong></span> <span class='ocrx_word' id='word_1_437' title='bbox 1496 4301 1529 4365; x_wconf 90' lang='grc'><strong>16</strong></span> <span class='ocrx_word' id='word_1_438' title='bbox 1543 4300 1702 4364; x_wconf 87' lang='lat' dir='ltr'><strong>Vaticano</strong></span> <span class='ocrx_word' id='word_1_439' title='bbox 1724 4297 1885 4378; x_wconf 76' lang='lat' dir='ltr'><strong>bucusque</strong></span> 
     </span>
     <span class='ocr_line' id='line_1_39' title="bbox 310 4401 1885 4496; baseline -0.005 -24.43"><span class='ocrx_word' id='word_1_440' title='bbox 310 4427 430 4472; x_wconf 81' lang='grc'>6666666</span> <span class='ocrx_word' id='word_1_441' title='bbox 452 4405 499 4493; x_wconf 92' lang='grc'><strong>(6.</strong></span> <span class='ocrx_word' id='word_1_442' title='bbox 514 4407 610 4492; x_wconf 87' lang='lat' dir='ltr'>XIV)</span> <span class='ocrx_word' id='word_1_443' title='bbox 639 4415 674 4474; x_wconf 91' lang='grc'>61</span> <span class='ocrx_word' id='word_1_444' title='bbox 701 4409 849 4475; x_wconf 89' lang='lat' dir='ltr'><strong>lectionis</strong></span> <span class='ocrx_word' id='word_1_445' title='bbox 879 4409 1074 4496; x_wconf 86' lang='lat' dir='ltr'><strong>proprietas,</strong></span> <span class='ocrx_word' id='word_1_446' title='bbox 1105 4406 1191 4473; x_wconf 89' lang='grc'>6666</span> <span class='ocrx_word' id='word_1_447' title='bbox 1220 4406 1363 4471; x_wconf 83' lang='grc'>66166116</span> <span class='ocrx_word' id='word_1_448' title='bbox 1394 4411 1444 4470; x_wconf 88' lang='grc'><strong>661</strong></span> <span class='ocrx_word' id='word_1_449' title='bbox 1473 4403 1559 4491; x_wconf 88' lang='lat' dir='ltr'><strong>quod</strong></span> <span class='ocrx_word' id='word_1_450' title='bbox 1583 4406 1640 4483; x_wconf 82' lang='lat' dir='ltr'><strong>3‚r</strong></span> <span class='ocrx_word' id='word_1_451' title='bbox 1670 4421 1760 4467; x_wconf 91' lang='lat' dir='ltr'><strong>error</strong></span> <span class='ocrx_word' id='word_1_452' title='bbox 1782 4401 1885 4480; x_wconf 84' lang='lat' dir='ltr'><strong>dispo-</strong></span> 
     </span>
    </p>
   </div>
   <div class='ocr_carea' id='block_1_3' title="bbox 228 4502 1886 4806">
    <p class='ocr_par' dir='ltr' id='par_1_10' title="bbox 228 4502 1886 4806">
     <span class='ocr_line' id='line_1_40' title="bbox 228 4502 1885 4601; baseline -0.005 -25"><span class='ocrx_word' id='word_1_453' title='bbox 228 4512 359 4576; x_wconf 86' lang='lat' dir='ltr'><strong>sitiones</strong></span> <span class='ocrx_word' id='word_1_454' title='bbox 380 4533 440 4599; x_wconf 80' lang='grc'><strong>666</strong></span> <span class='ocrx_word' id='word_1_455' title='bbox 463 4511 696 4594; x_wconf 83' lang='lat' dir='ltr'><strong>disputationes</strong></span> <span class='ocrx_word' id='word_1_456' title='bbox 718 4521 882 4580; x_wconf 87' lang='lat' dir='ltr'><strong>correctus</strong></span> <span class='ocrx_word' id='word_1_457' title='bbox 903 4515 936 4579; x_wconf 91' lang='lat' dir='ltr'><strong>in</strong></span> <span class='ocrx_word' id='word_1_458' title='bbox 958 4514 1029 4601; x_wconf 92' lang='lat' dir='ltr'><strong>ipso</strong></span> <span class='ocrx_word' id='word_1_459' title='bbox 1053 4512 1193 4577; x_wconf 84' lang='lat' dir='ltr'><strong>Lunensi</strong></span> <span class='ocrx_word' id='word_1_460' title='bbox 1219 4511 1305 4575; x_wconf 88' lang='lat' dir='ltr'><strong>inter</strong></span> <span class='ocrx_word' id='word_1_461' title='bbox 1327 4509 1529 4595; x_wconf 84' lang='lat' dir='ltr'><strong>exemplaria</strong></span> <span class='ocrx_word' id='word_1_462' title='bbox 1556 4527 1599 4571; x_wconf 86' lang='lat' dir='ltr'><strong>ex</strong></span> <span class='ocrx_word' id='word_1_463' title='bbox 1622 4526 1661 4570; x_wconf 89' lang='lat' dir='ltr'><strong>eo</strong></span> <span class='ocrx_word' id='word_1_464' title='bbox 1686 4502 1885 4569; x_wconf 80' lang='grc'>6661661616</span> 
     </span>
     <span class='ocr_line' id='line_1_41' title="bbox 229 4610 1886 4704; baseline -0.004 -26"><span class='ocrx_word' id='word_1_465' title='bbox 229 4614 279 4679; x_wconf 91' lang='lat' dir='ltr'><strong>his</strong></span> <span class='ocrx_word' id='word_1_466' title='bbox 309 4613 386 4678; x_wconf 91' lang='lat' dir='ltr'><strong>solis</strong></span> <span class='ocrx_word' id='word_1_467' title='bbox 409 4615 493 4680; x_wconf 88' lang='lat' dir='ltr'><strong>redit</strong></span> <span class='ocrx_word' id='word_1_468' title='bbox 515 4615 570 4703; x_wconf 85' lang='grc'>(61.</span> <span class='ocrx_word' id='word_1_469' title='bbox 594 4623 766 4704; x_wconf 88' lang='lat' dir='ltr'><strong>praeterea</strong></span> <span class='ocrx_word' id='word_1_470' title='bbox 790 4622 841 4700; x_wconf 91' lang='grc'><strong>29,</strong></span> <span class='ocrx_word' id='word_1_471' title='bbox 858 4644 879 4683; x_wconf 84' lang='grc'><strong>6.</strong></span> <span class='ocrx_word' id='word_1_472' title='bbox 910 4622 962 4701; x_wconf 94' lang='grc'><strong>49,</strong></span> <span class='ocrx_word' id='word_1_473' title='bbox 979 4643 999 4682; x_wconf 91' lang='grc' dir='ltr'><strong>ι.</strong></span> <span class='ocrx_word' id='word_1_474' title='bbox 1018 4643 1053 4682; x_wconf 89' lang='grc' dir='ltr'><strong>ιι.</strong></span> <span class='ocrx_word' id='word_1_475' title='bbox 1082 4619 1134 4700; x_wconf 88' lang='grc'><strong>68,</strong></span> <span class='ocrx_word' id='word_1_476' title='bbox 1151 4641 1184 4681; x_wconf 83' lang='grc' dir='ltr'><strong>ιι.</strong></span> <span class='ocrx_word' id='word_1_477' title='bbox 1198 4638 1200 4642; x_wconf 95' lang='grc'><strong><em>·</em></strong></span> <span class='ocrx_word' id='word_1_478' title='bbox 1214 4617 1283 4696; x_wconf 90' lang='grc'>148,</span> <span class='ocrx_word' id='word_1_479' title='bbox 1298 4617 1333 4696; x_wconf 76' lang='lat' dir='ltr'><strong>a).</strong></span> <span class='ocrx_word' id='word_1_480' title='bbox 1379 4612 1504 4678; x_wconf 88' lang='lat' dir='ltr'><strong>Vitium</strong></span> <span class='ocrx_word' id='word_1_481' title='bbox 1527 4612 1601 4676; x_wconf 89' lang='lat' dir='ltr'><strong>huic</strong></span> <span class='ocrx_word' id='word_1_482' title='bbox 1618 4610 1787 4696; x_wconf 88' lang='lat' dir='ltr'><strong>epitomae</strong></span> <span class='ocrx_word' id='word_1_483' title='bbox 1811 4629 1886 4694; x_wconf 89' lang='lat' dir='ltr'><strong>pro-</strong></span> 
     </span>
     <span class='ocr_line' id='line_1_42' title="bbox 229 4715 1523 4806; baseline 0.001 -22"><span class='ocrx_word' id='word_1_484' title='bbox 229 4720 335 4806; x_wconf 89' lang='lat' dir='ltr'><strong>prium</strong></span> <span class='ocrx_word' id='word_1_485' title='bbox 358 4717 533 4784; x_wconf 85' lang='lat' dir='ltr'><strong>offenditur</strong></span> <span class='ocrx_word' id='word_1_486' title='bbox 555 4723 635 4802; x_wconf 85' lang='grc'>46,6</span> <span class='ocrx_word' id='word_1_487' title='bbox 656 4721 714 4803; x_wconf 80' lang='grc'><strong>661</strong></span> <span class='ocrx_word' id='word_1_488' title='bbox 742 4721 809 4802; x_wconf 82' lang='lat' dir='ltr'><strong>fuit</strong></span> <span class='ocrx_word' id='word_1_489' title='bbox 830 4720 1020 4803; x_wconf 77' lang='lat' dir='ltr'><strong>tenaporabus</strong></span> <span class='ocrx_word' id='word_1_490' title='bbox 1041 4717 1206 4786; x_wconf 73' lang='lat' dir='ltr'><strong>uolssiani</strong></span> <span class='ocrx_word' id='word_1_491' title='bbox 1227 4723 1258 4783; x_wconf 95' lang='grc'><strong>61</strong></span> <span class='ocrx_word' id='word_1_492' title='bbox 1279 4717 1383 4798; x_wconf 75' lang='lat' dir='ltr'><strong>rufini</strong></span> <span class='ocrx_word' id='word_1_493' title='bbox 1404 4715 1523 4785; x_wconf 73' lang='grc'>666661.</span> 
     </span>
    </p>
   </div>
   <div class='ocr_carea' id='block_1_4' title="bbox 599 4904 1520 4976">
    <p class='ocr_par' dir='ltr' id='par_1_11' title="bbox 599 4904 1520 4976">
     <span class='ocr_line' id='line_1_43' title="bbox 599 4904 1520 4976; baseline -0.002 0"><span class='ocrx_word' id='word_1_494' title='bbox 599 4909 803 4976; x_wconf 83' lang='lat' dir='ltr'><strong>CODICVM</strong></span> <span class='ocrx_word' id='word_1_495' title='bbox 826 4909 1074 4976; x_wconf 80' lang='lat' dir='ltr'><strong>PLENORVM</strong></span> <span class='ocrx_word' id='word_1_496' title='bbox 1098 4906 1279 4975; x_wconf 83' lang='lat' dir='ltr'><strong>CLASSIS</strong></span> <span class='ocrx_word' id='word_1_497' title='bbox 1302 4904 1520 4974; x_wconf 80' lang='lat' dir='ltr'><strong>SECVNDA.</strong></span> 
     </span>
    </p>
   </div>
   <div class='ocr_carea' id='block_1_5' title="bbox 230 5041 2022 5762">
    <p class='ocr_par' dir='ltr' id='par_1_12' title="bbox 230 5041 2022 5762">
     <span class='ocr_line' id='line_1_44' title="bbox 333 5041 2022 5135; baseline -0.005 -21"><span class='ocrx_word' id='word_1_498' title='bbox 333 5049 509 5114; x_wconf 88' lang='lat' dir='ltr'><strong>Berneneis</strong></span> <span class='ocrx_word' id='word_1_499' title='bbox 532 5053 594 5114; x_wconf 88' lang='grc'><strong>408</strong></span> <span class='ocrx_word' id='word_1_500' title='bbox 628 5069 712 5114; x_wconf 90' lang='lat' dir='ltr'><strong>saec.</strong></span> <span class='ocrx_word' id='word_1_501' title='bbox 735 5049 784 5114; x_wconf 91' lang='lat' dir='ltr'><strong>IX</strong></span> <span class='ocrx_word' id='word_1_502' title='bbox 816 5048 935 5134; x_wconf 81' lang='lat' dir='ltr'><strong>(Duch.</strong></span> <span class='ocrx_word' id='word_1_503' title='bbox 965 5070 996 5135; x_wconf 94' lang='lat' dir='ltr'><strong>p.</strong></span> <span class='ocrx_word' id='word_1_504' title='bbox 1020 5045 1135 5113; x_wconf 89' lang='lat' dir='ltr'><strong>CXCI.</strong></span> <span class='ocrx_word' id='word_1_505' title='bbox 1167 5045 1290 5111; x_wconf 90' lang='lat' dir='ltr'><strong>CXCII</strong></span> <span class='ocrx_word' id='word_1_506' title='bbox 1313 5066 1386 5110; x_wconf 89' lang='lat' dir='ltr'><strong>cum</strong></span> <span class='ocrx_word' id='word_1_507' title='bbox 1409 5044 1521 5108; x_wconf 88' lang='lat' dir='ltr'><strong>tabula</strong></span> <span class='ocrx_word' id='word_1_508' title='bbox 1535 5041 1577 5124; x_wconf 83' lang='lat' dir='ltr'><strong>V,</strong></span> <span class='ocrx_word' id='word_1_509' title='bbox 1594 5041 1638 5126; x_wconf 90' lang='grc'><strong>2).</strong></span> <span class='ocrx_word' id='word_1_510' title='bbox 1687 5041 1768 5107; x_wconf 92' lang='lat' dir='ltr'><strong>Post</strong></span> <span class='ocrx_word' id='word_1_511' title='bbox 1790 5063 1884 5129; x_wconf 89' lang='lat' dir='ltr'><strong>prae·</strong></span> <span class='ocrx_word' id='word_1_512' title='bbox 1912 5054 2022 5107; x_wconf 79' lang='lat' dir='ltr'><strong>0⁸con.</strong></span> 
     </span>
     <span class='ocr_line' id='line_1_45' title="bbox 230 5145 1887 5241; baseline -0.004 -24"><span class='ocrx_word' id='word_1_513' title='bbox 230 5154 363 5217; x_wconf 82' lang='grc'>16166166</span> <span class='ocrx_word' id='word_1_514' title='bbox 386 5153 559 5240; x_wconf 88' lang='grc'>661616166,</span> <span class='ocrx_word' id='word_1_515' title='bbox 584 5174 663 5240; x_wconf 91' lang='lat' dir='ltr'><strong>quas</strong></span> <span class='ocrx_word' id='word_1_516' title='bbox 685 5154 835 5241; x_wconf 87' lang='lat' dir='ltr'><strong>antiquus</strong></span> <span class='ocrx_word' id='word_1_517' title='bbox 857 5153 968 5217; x_wconf 87' lang='lat' dir='ltr'><strong>titulus</strong></span> <span class='ocrx_word' id='word_1_518' title='bbox 991 5151 1096 5216; x_wconf 91' lang='lat' dir='ltr'><strong>nullus</strong></span> <span class='ocrx_word' id='word_1_519' title='bbox 1118 5148 1302 5238; x_wconf 86' lang='lat' dir='ltr'><strong>praecedit,</strong></span> <span class='ocrx_word' id='word_1_520' title='bbox 1332 5146 1472 5213; x_wconf 90' lang='lat' dir='ltr'><strong>iudicem</strong></span> <span class='ocrx_word' id='word_1_521' title='bbox 1503 5167 1659 5233; x_wconf 87' lang='lat' dir='ltr'><strong>paparum</strong></span> <span class='ocrx_word' id='word_1_522' title='bbox 1681 5145 1764 5211; x_wconf 92' lang='lat' dir='ltr'><strong>liber</strong></span> <span class='ocrx_word' id='word_1_523' title='bbox 1786 5145 1887 5210; x_wconf 86' lang='lat' dir='ltr'><strong>habet</strong></span> 
     </span>
     <span class='ocr_line' id='line_1_46' title="bbox 231 5247 1884 5332; baseline -0.005 -11"><span class='ocrx_word' id='word_1_524' title='bbox 231 5257 397 5322; x_wconf 85' lang='lat' dir='ltr'><strong>linientem</strong></span> <span class='ocrx_word' id='word_1_525' title='bbox 430 5259 463 5322; x_wconf 92' lang='lat' dir='ltr'><strong>iu</strong></span> <span class='ocrx_word' id='word_1_526' title='bbox 497 5257 627 5322; x_wconf 90' lang='lat' dir='ltr'><strong>Zosimo</strong></span> <span class='ocrx_word' id='word_1_527' title='bbox 663 5247 772 5322; x_wconf 68' lang='lat' dir='ltr'><strong>enciso</strong></span> <span class='ocrx_word' id='word_1_528' title='bbox 802 5255 920 5320; x_wconf 91' lang='lat' dir='ltr'><strong>deiude</strong></span> <span class='ocrx_word' id='word_1_529' title='bbox 951 5254 1029 5320; x_wconf 90' lang='lat' dir='ltr'><strong>folio</strong></span> <span class='ocrx_word' id='word_1_530' title='bbox 1052 5275 1132 5328; x_wconf 91' lang='lat' dir='ltr'><strong>uuo;</strong></span> <span class='ocrx_word' id='word_1_531' title='bbox 1160 5255 1194 5318; x_wconf 92' lang='lat' dir='ltr'><strong>in</strong></span> <span class='ocrx_word' id='word_1_532' title='bbox 1226 5275 1266 5318; x_wconf 91' lang='lat' dir='ltr'><strong>eo</strong></span> <span class='ocrx_word' id='word_1_533' title='bbox 1294 5251 1399 5318; x_wconf 87' lang='lat' dir='ltr'><strong>indice</strong></span> <span class='ocrx_word' id='word_1_534' title='bbox 1422 5251 1577 5318; x_wconf 85' lang='lat' dir='ltr'><strong>Anicetus</strong></span> <span class='ocrx_word' id='word_1_535' title='bbox 1609 5256 1659 5315; x_wconf 90' lang='lat' dir='ltr'><strong>est</strong></span> <span class='ocrx_word' id='word_1_536' title='bbox 1681 5253 1757 5314; x_wconf 91' lang='grc'>6616</span> <span class='ocrx_word' id='word_1_537' title='bbox 1779 5249 1884 5332; x_wconf 82' lang='lat' dir='ltr'><strong>Pium,</strong></span> 
     </span>
     <span class='ocr_line' id='line_1_47' title="bbox 232 5354 1885 5447; baseline -0.005 -22"><span class='ocrx_word' id='word_1_538' title='bbox 232 5361 373 5426; x_wconf 87' lang='lat' dir='ltr'><strong>Anteros</strong></span> <span class='ocrx_word' id='word_1_539' title='bbox 397 5367 472 5427; x_wconf 90' lang='lat' dir='ltr'><strong>aute</strong></span> <span class='ocrx_word' id='word_1_540' title='bbox 497 5362 699 5427; x_wconf 89' lang='lat' dir='ltr'><strong>Pontianum.</strong></span> <span class='ocrx_word' id='word_1_541' title='bbox 745 5360 931 5447; x_wconf 81' lang='lat' dir='ltr'><strong>Sequuntur</strong></span> <span class='ocrx_word' id='word_1_542' title='bbox 959 5359 1064 5438; x_wconf 85' lang='grc'>61166,</span> <span class='ocrx_word' id='word_1_543' title='bbox 1096 5357 1211 5445; x_wconf 90' lang='lat' dir='ltr'><strong>quibus</strong></span> <span class='ocrx_word' id='word_1_544' title='bbox 1242 5357 1477 5443; x_wconf 90' lang='lat' dir='ltr'><strong>praescriptum</strong></span> <span class='ocrx_word' id='word_1_545' title='bbox 1501 5361 1551 5419; x_wconf 90' lang='lat' dir='ltr'><strong>est</strong></span> <span class='ocrx_word' id='word_1_546' title='bbox 1573 5375 1669 5418; x_wconf 89' lang='lat' dir='ltr'><strong>manu</strong></span> <span class='ocrx_word' id='word_1_547' title='bbox 1691 5354 1885 5439; x_wconf 89' lang='lat' dir='ltr'><strong>posteriore:</strong></span> 
     </span>
     <span class='ocr_line' id='line_1_48' title="bbox 231 5457 1886 5548; baseline -0.003 -20"><span class='ocrx_word' id='word_1_548' title='bbox 231 5464 309 5529; x_wconf 83' lang='lat' dir='ltr'><strong>liber</strong></span> <span class='ocrx_word' id='word_1_549' title='bbox 331 5466 369 5531; x_wconf 83' lang='lat' dir='ltr'><strong>de</strong></span> <span class='ocrx_word' id='word_1_550' title='bbox 386 5467 482 5548; x_wconf 77' lang='grc'>666116</span> <span class='ocrx_word' id='word_1_551' title='bbox 498 5466 689 5546; x_wconf 78' lang='lat' dir='ltr'><strong>pontificum</strong></span> <span class='ocrx_word' id='word_1_552' title='bbox 713 5465 939 5532; x_wconf 85' lang='lat' dir='ltr'><strong>Romanorum.</strong></span> <span class='ocrx_word' id='word_1_553' title='bbox 986 5461 1072 5526; x_wconf 77' lang='lat' dir='ltr'><strong>Finit</strong></span> <span class='ocrx_word' id='word_1_554' title='bbox 1095 5461 1200 5528; x_wconf 86' lang='lat' dir='ltr'><strong>codex</strong></span> <span class='ocrx_word' id='word_1_555' title='bbox 1222 5458 1662 5546; x_wconf 81' lang='grc' dir='ltr'>1681666666116.454,ι</span> <span class='ocrx_word' id='word_1_556' title='bbox 1685 5457 1789 5522; x_wconf 90' lang='lat' dir='ltr'><strong>Duch.</strong></span> <span class='ocrx_word' id='word_1_557' title='bbox 1814 5480 1886 5523; x_wconf 87' lang='lat' dir='ltr'><strong>ver-</strong></span> 
     </span>
     <span class='ocr_line' id='line_1_49' title="bbox 231 5563 1886 5653; baseline -0.005 -19"><span class='ocrx_word' id='word_1_558' title='bbox 231 5569 281 5634; x_wconf 89' lang='lat' dir='ltr'><strong>bis</strong></span> <span class='ocrx_word' id='word_1_559' title='bbox 302 5569 347 5633; x_wconf 82' lang='grc'><strong>66</strong></span> <span class='ocrx_word' id='word_1_560' title='bbox 368 5569 567 5649; x_wconf 75' lang='lat' dir='ltr'><strong>recipiendas</strong></span> <span class='ocrx_word' id='word_1_561' title='bbox 593 5591 663 5636; x_wconf 85' lang='lat' dir='ltr'><strong>vero</strong></span> <span class='ocrx_word' id='word_1_562' title='bbox 691 5570 779 5653; x_wconf 79' lang='grc'>16666</span> <span class='ocrx_word' id='word_1_563' title='bbox 809 5567 951 5633; x_wconf 81' lang='lat' dir='ltr'><strong>ciuitates</strong></span> <span class='ocrx_word' id='word_1_564' title='bbox 979 5565 1049 5652; x_wconf 91' lang='lat' dir='ltr'><strong>ipse</strong></span> <span class='ocrx_word' id='word_1_565' title='bbox 1072 5587 1136 5632; x_wconf 91' lang='lat' dir='ltr'><strong>non</strong></span> <span class='ocrx_word' id='word_1_566' title='bbox 1158 5566 1298 5647; x_wconf 89' lang='lat' dir='ltr'><strong>mutilus,</strong></span> <span class='ocrx_word' id='word_1_567' title='bbox 1322 5563 1502 5651; x_wconf 89' lang='lat' dir='ltr'><strong>descriptus</strong></span> <span class='ocrx_word' id='word_1_568' title='bbox 1524 5563 1622 5648; x_wconf 81' lang='lat' dir='ltr'><strong>igitur</strong></span> <span class='ocrx_word' id='word_1_569' title='bbox 1644 5583 1687 5627; x_wconf 86' lang='lat' dir='ltr'><strong>ex</strong></span> <span class='ocrx_word' id='word_1_570' title='bbox 1710 5563 1886 5648; x_wconf 88' lang='lat' dir='ltr'><strong>archetypo</strong></span> 
     </span>
     <span class='ocr_line' id='line_1_50' title="bbox 232 5666 1502 5762; baseline -0.006 -24"><span class='ocrx_word' id='word_1_571' title='bbox 232 5673 391 5738; x_wconf 86' lang='lat' dir='ltr'><strong>mutilato.</strong></span> <span class='ocrx_word' id='word_1_572' title='bbox 434 5672 534 5737; x_wconf 82' lang='lat' dir='ltr'><strong>Foliis</strong></span> <span class='ocrx_word' id='word_1_573' title='bbox 559 5675 761 5762; x_wconf 86' lang='lat' dir='ltr'><strong>transpositis</strong></span> <span class='ocrx_word' id='word_1_574' title='bbox 784 5674 816 5738; x_wconf 91' lang='lat' dir='ltr'><strong>iu</strong></span> <span class='ocrx_word' id='word_1_575' title='bbox 839 5673 906 5737; x_wconf 83' lang='lat' dir='ltr'><strong>vita</strong></span> <span class='ocrx_word' id='word_1_576' title='bbox 930 5670 1078 5735; x_wconf 80' lang='lat' dir='ltr'><strong>Silvestri</strong></span> <span class='ocrx_word' id='word_1_577' title='bbox 1101 5669 1181 5734; x_wconf 91' lang='lat' dir='ltr'><strong>ordo</strong></span> <span class='ocrx_word' id='word_1_578' title='bbox 1203 5669 1256 5734; x_wconf 89' lang='lat' dir='ltr'><strong>bio</strong></span> <span class='ocrx_word' id='word_1_579' title='bbox 1280 5666 1415 5732; x_wconf 88' lang='grc'>61166166</span> <span class='ocrx_word' id='word_1_580' title='bbox 1439 5672 1502 5731; x_wconf 91' lang='lat' dir='ltr'><strong>est:</strong></span> 
     </span>
    </p>
   </div>
   <div class='ocr_carea' id='block_1_6' title="bbox 333 5809 632 5849">
    <p class='ocr_par' dir='ltr' id='par_1_13' title="bbox 333 5809 632 5849">
     <span class='ocr_line' id='line_1_51' title="bbox 333 5809 632 5849; baseline 0.003 -1"><span class='ocrx_word' id='word_1_581' title='bbox 333 5809 409 5848; x_wconf 73' lang='lat' dir='ltr'><strong>tinas</strong></span> <span class='ocrx_word' id='word_1_582' title='bbox 426 5809 599 5848; x_wconf 67' lang='lat' dir='ltr'><strong>summissus</strong></span> <span class='ocrx_word' id='word_1_583' title='bbox 616 5811 632 5849; x_wconf 90' lang='lat'><strong>1.</strong></span> 
     </span>
    </p>
   </div>
   <div class='ocr_carea' id='block_1_7' title="bbox 0 0 2281 6420">
    <p class='ocr_par' dir='ltr' id='par_1_14' title="bbox 0 0 2281 6420">
     <span class='ocr_line' id='line_1_52' title="bbox 0 0 2281 6420; baseline 0 0"><span class='ocrx_word' id='word_1_584' title='bbox 0 0 2281 6420; x_wconf 95' lang='lat' dir='ltr'><strong> </strong></span> 
     </span>
    </p>
   </div>
  </div>
 </body>
</html>
