4612 6436
930 425 1218 485 PaoulloouuNA.
1816 425 1905 482 CXIX

250 601 412 667 eiusmodi
443 602 657 667 mutationum
683 602 822 688 vestigia
848 603 882 666 in
908 601 998 667 libris
1027 602 1143 668 nostris
1175 601 1474 689 deprehendantur.
1519 599 1669 688 Exempli
1692 600 1798 686 gratia
1819 600 1906 666 vitae

249 706 402 772 Iohannis
425 705 442 772 I
464 713 624 772 commate
654 707 758 793 primo
781 705 869 793 (133,
886 705 913 792 ι)
940 727 1024 793 quae
1053 706 1171 773 absunt
1201 707 1243 772 ab
1267 707 1419 793 epitomis
1442 705 1568 772 duabus
1589 704 1692 771 verba
1713 703 1908 786 scitantem

248 816 282 875 ot
303 811 493 894 temperabas
517 810 705 876 rhacotes·
725 815 755 876 et
776 811 900 876 lasciui
913 811 1067 894 ductarii,
1089 811 1198 898 priora
1220 812 1319 876 etiam
1342 831 1363 875 a
1385 810 1624 892 contaminatis,
1656 808 1785 874 adiecto
1815 805 1907 871 vide-

249 915 327 980 licet
348 915 498 980 ridentur
514 915 612 980 husee
628 935 649 979 a
664 914 868 980 diasceuasta
882 915 925 980 ad
939 916 1119 1002 marginem
1142 914 1310 1002 archetypi
1331 915 1529 980 recensionis
1552 912 1730 988 secundse;
1752 911 1799 976 ita
1820 910 1907 975 enim

250 1019 502 1105 explicationem
525 1018 635 1101 habet,
658 1019 745 1105 quod
767 1021 876 1106 priora
899 1018 1015 1085 desunt
1036 1020 1114 1084 item
1137 1019 1169 1083 in
1192 1020 1302 1084 classis
1323 1018 1485 1084 secundae
1510 1017 1690 1104 examplari
1707 1017 1829 1102 optimc
1846 1013 1907 1095 13⁴,

247 1121 442 1188 vocabulum
464 1129 574 1188 autem
589 1123 779 1204 tenporibus
799 1123 833 1189 in
856 1122 973 1189 ecdem
994 1123 1076 1188 libro
1092 1124 1228 1210 aliisque
1251 1124 1361 1189 classis
1384 1121 1531 1188 eiusdem
1553 1122 1673 1207 legitur
1692 1121 1765 1185 loco
1789 1118 1906 1184 alieno.

247 1226 408 1292 Recensio
424 1227 513 1313 prior
528 1227 554 1290 si
574 1231 662 1292 recte
678 1234 756 1292 ncta
772 1233 869 1311 esset,
885 1229 1020 1293 ulterius
1042 1227 1076 1293 id
1091 1228 1244 1314 persequi
1260 1227 1393 1304 liceret;
1415 1228 1480 1292 iam
1496 1224 1656 1292 eiusmodi
1671 1221 1906 1290 observationi-

248 1332 309 1398 bus
331 1333 450 1397 iustum
472 1330 717 1398 fundamentum
740 1333 843 1398 deest.

624 1657 828 1725 CODICVM
852 1658 1042 1725 ephesus
1065 1658 1209 1725 PRIMA
1232 1659 1289 1724 ΕΤ
1313 1658 1534 1727 SECVNDA.

352 1798 406 1864 Ab
432 1798 496 1864 hoo
523 1799 719 1863 recensionis
746 1799 934 1886 posterioris
965 1797 1143 1885 archetypo
1174 1797 1238 1863 duo
1268 1799 1470 1885 exemplaria
1501 1804 1630 1886 sumpta
1659 1804 1747 1882 eunt,
1772 1819 1907 1885 quorum

249 1905 386 1969 alterum
409 1903 578 1990 generavit
600 1901 729 1968 codices
752 1903 861 1968 classis
883 1903 1025 1989 primae,
1049 1902 1212 1968 secundae
1236 1903 1366 1968 codices
1389 1904 1540 1969 alterum.
1586 1902 1734 1968 Duorum
1760 1903 1906 1968 ordinum

251 2007 431 2094 separatio,
459 2007 581 2072 scilicet
609 2007 636 2071 ei
665 2007 831 2093 sequimur
852 2005 1170 2093 codicea‘utriusque
1195 2007 1324 2093 generis
1358 2007 1511 2072 meliores
1538 2008 1667 2072 reiectis
1694 2005 1907 2072 deterioribus

251 2112 371 2197 passim
395 2131 437 2175 ex
460 2111 563 2176 altero
594 2111 706 2176 ordine
730 2110 971 2193 contaminatis,
995 2116 1083 2175 certa
1114 2116 1164 2174 est
1185 2110 1290 2175 ubivis
1314 2115 1347 2175 et
1369 2118 1548 2198 perpetua,
1576 2109 1612 2175 id
1635 2116 1684 2175 est
1707 2111 1903 2192 continuata,

245 2217 280 2280 ni
302 2215 407 2298 fallor,
430 2214 473 2279 ad
497 2216 687 2303 episcopum
708 2214 891 2295 Cononem,
913 2216 947 2279 in
970 2235 1033 2302 quo
1057 2235 1154 2301 supra
1177 2217 1220 2301 (p.
1238 2213 1335 2300 XIV)
1358 2214 1499 2280 vidimus
1522 2215 1662 2280 finivisse
1686 2216 1902 2302 exemplaria,

249 2339 384 2406 quorum
412 2318 510 2384 hodie
539 2320 653 2384 notitia
685 2324 792 2401 extat,
823 2319 1045 2406 antiquissima
1067 2339 1226 2406 quaeque.
1273 2319 1371 2384 Certe
1404 2341 1601 2407 quamquam
1628 2320 1699 2384 fieri
1721 2325 1844 2406 potest,
1867 2324 1904 2384 ut

250 2423 399 2488 classium
431 2423 566 2488 duarum
593 2422 805 2509 archetypum
835 2443 1004 2488 commune
1034 2422 1200 2488 Cononem
1230 2444 1295 2488 non
1327 2425 1487 2510 attigerit,
1515 2445 1578 2489 non
1605 2425 1706 2489 multo
1730 2430 1805 2489 ante
1830 2444 1904 2488 sum

249 2527 409 2610 subsistit,
433 2532 466 2592 et
489 2548 685 2613 quamquam
716 2527 749 2591 in
771 2527 845 2591 vitis
868 2527 984 2592 aetatis
1006 2528 1194 2614 posterioris
1216 2528 1289 2594 libri
1312 2549 1424 2593 omnes
1452 2528 1521 2593 fere
1551 2527 1747 2593 concordant
1770 2533 1804 2592 et
1826 2547 1902 2613 gra·

249 2631 392 2697 rioribus
415 2631 638 2717 discrepantiis
661 2631 884 2696 deficientibus
907 2632 1057 2696 classium
1074 2631 1245 2696 diversitas
1269 2632 1468 2714 obscuratur,
1492 2654 1533 2698 ea
1554 2638 1630 2697 ante
1648 2630 1817 2697 Cononem
1839 2651 1904 2696 non

255 2737 387 2818 tollitur,
411 2741 447 2800 ut
470 2735 644 2800 ostendunt
665 2736 749 2800 inter
772 2736 852 2800 eboc
874 2735 939 2800 loci
959 2735 1007 2799 hi:

256 2878 354 2960 ¹70„
376 2875 429 2940 hic
451 2875 617 2940 inuestiuit
639 2875 747 2962 regias
769 2876 802 2940 in
823 2875 971 2961 ingressu
993 2896 1048 2940 ee·
1100 2875 1268 2940 inuestiuit
1284 2875 1396 2960 regiae
1415 2875 1449 2939 in
1462 2875 1612 2961 ingressu
1627 2875 1786 2940 eeclesias
1803 2876 1905 2940 maio-

357 2980 475 3044 clesiae
500 2980 569 3044 eius
592 2979 763 3062 (ecclesiae
779 2980 869 3045 beati
884 2981 968 3066 petri
982 2979 1049 3066 Ae)
1167 2979 1211 3042 ris
1240 2976 1329 3065 (libri
1361 2978 1435 3042 boni
1457 2979 1610 3064 maiores)
1641 2979 1697 3064 qui
1725 2981 1908 3067 appellatur

356 3105 437 3170 quas
459 3089 579 3149 nocent
600 3082 753 3148 mediana
775 3084 800 3148 I
1169 3081 1321 3147 mediana
1345 3082 1391 3147 II

257 3190 354 3266 isac
377 3208 437 3274 per
460 3186 594 3253 eosdem
617 3187 761 3252 missal
1103 3207 1164 3273 per
1187 3185 1323 3252 eosdem
1347 3187 1462 3252 missos
1485 3186 1531 3251 ΙΙ

252 3323 320 3390 Sed
342 3324 384 3390 sd
406 3326 488 3390 sitas
511 3325 651 3411 quinque
673 3323 768 3388 huius
791 3324 940 3390 editionis
962 3329 1143 3411 postremas
1167 3323 1273 3409 Sergii
1296 3323 1313 3388 Ι
1336 3323 1533 3389 Iohannium
1558 3325 1607 3389 VI
1631 3331 1665 3390 et
1687 3324 1752 3390 VII
1778 3325 1907 3390 Sisinnii

252 3427 468 3511 Constantini,
499 3450 579 3516 quas
609 3448 706 3514 supra
728 3449 759 3514 p.
774 3427 868 3493 XCV
902 3427 1041 3494 diximus
1075 3435 1149 3516 post
1180 3430 1387 3494 intervallum
1422 3429 1549 3515 corpori
1583 3430 1800 3516 supplementi
1834 3429 1906 3494 loco

252 3534 438 3616 accessisse,
462 3533 611 3598 classium
633 3534 730 3598 trium
753 3534 992 3620 separationem
1014 3555 1079 3599 non
1100 3535 1271 3621 pervenire
1293 3534 1378 3598 infra
1399 3532 1444 3620 (p.
1463 3532 1653 3619 CXXXIV)
1678 3533 1885 3599 ostendimus.

356 3654 518 3741 Sequitur,
541 3661 577 3719 ut
598 3654 655 3720 ubi
678 3653 824 3720 eiusdem
850 3656 961 3721 classis
983 3656 1057 3721 libri
1080 3656 1281 3736 dissentiunt,
1304 3655 1427 3722 scilicet
1448 3653 1610 3720 secundae
1634 3653 1724 3741 (uam
1746 3657 1779 3720 in
1801 3655 1906 3741 prima

251 3758 406 3824 Lucensis
428 3780 493 3823 non
516 3765 583 3823 tam
605 3759 775 3845 primarius
798 3764 849 3824 est
872 3780 968 3845 quam
991 3759 1128 3845 unicus),
1161 3761 1184 3824 ii
1216 3760 1284 3824 fere
1318 3759 1488 3846 archetypi
1520 3760 1694 3825 lectionem
1729 3759 1907 3826 exhibeant

251 3882 385 3928 necesse
408 3863 458 3945 sit,
482 3863 536 3949 qui
558 3863 762 3928 consentiunt
784 3884 857 3928 cum
881 3865 983 3928 classe
1006 3865 1111 3950 prima
1134 3883 1272 3948 eamque
1295 3865 1415 3948 legem,
1438 3863 1495 3928 ubi
1514 3864 1646 3930 codices
1662 3865 1773 3929 classis
1789 3885 1904 3928 secun-

253 3965 314 4031 dae
338 3966 524 4052 singillatim
547 3968 810 4049 examinavimus,
833 3967 975 4032 vidimus
996 3968 1101 4033 ubivis
1124 3988 1222 4055 posse
1245 3967 1382 4034 admitti.

357 4087 456 4154 Crisia
482 4089 581 4174 igitur
610 4089 753 4177 corporis
775 4089 912 4154 vitarum
943 4090 1147 4176 potissimum
1173 4090 1355 4154 continetur
1375 4089 1465 4154 libris
1489 4089 1626 4155 duorum
1654 4089 1800 4155 ordinum
1823 4090 1908 4155 intra

252 4214 288 4258 se
311 4193 536 4279 comparandis
559 4198 593 4257 et
615 4192 672 4258 ubi
694 4192 861 4275 differunt,
885 4193 1037 4278 eligenda
1068 4194 1208 4259 lectione
1232 4193 1464 4280 probabiliore.
1509 4191 1634 4257 Neutro
1659 4192 1771 4258 ordine
1795 4213 1906 4258 carere

252 4318 310 4362 nos
332 4317 429 4385 posse
452 4317 525 4362 oum
548 4296 717 4362 evidenter
739 4303 914 4385 appareat,
945 4303 982 4363 ut
1005 4297 1046 4363 de
1069 4298 1236 4384 utriusque
1259 4296 1368 4363 indole
1397 4302 1486 4363 recte
1508 4295 1684 4376 iudicetur,
1709 4297 1906 4363 subiecimus

251 4403 416 4488 specimen
437 4401 586 4466 vitiorum
610 4401 720 4466 classis
741 4403 906 4489 utriusque
928 4403 975 4466 ita
995 4403 1185 4483 institutum,
1208 4409 1245 4468 ut
1265 4403 1397 4468 lectioni
1419 4422 1517 4467 verae
1540 4401 1753 4487 subiungatur
1773 4403 1904 4469 vitiose.

253 4508 372 4573 Classis
400 4505 505 4593 prima
529 4501 574 4592 (ll
602 4504 634 4568 in
667 4504 729 4569 hoo
758 4505 894 4571 elencho
924 4505 1124 4591 intellegitur
1150 4506 1353 4593 potissimum
1385 4504 1491 4571 codex
1522 4507 1677 4571 Lucensis
1700 4503 1790 4592 (ΑΙ),
1812 4507 1905 4571 iuxta

253 4631 350 4698 quem
372 4610 488 4696 reliqui
511 4607 655 4672 eiusdem
672 4607 792 4673 ordinis
814 4610 870 4674 vix
892 4611 925 4675 in
948 4631 1080 4676 censum
1096 4611 1245 4686 seniunt;
1268 4610 1431 4676 secundae
1449 4610 1558 4675 classis
1575 4609 1637 4694 (ΙΙ)
1653 4609 1754 4674 libros
1776 4610 1904 4696 potissi·

253 4736 342 4780 mum
364 4713 553 4801 respicimus
573 4709 679 4792 0³3⁴,
708 4713 904 4799 reliquorum
933 4714 1095 4779 erroribus
1124 4715 1302 4780 minoribus
1333 4715 1365 4778 in
1388 4715 1545 4780 laterculo
1576 4714 1639 4779 hoo
1661 4714 1906 4801 praetermissis.

253 4819 491 4904 Adscripeimus
519 4818 599 4882 item
628 4821 760 4903 praeter
787 4818 971 4882 testimonie
994 4820 1209 4906 epitomarum
1238 4819 1435 4883 recensionis
1464 4819 1579 4906 prioris
1602 4819 1773 4883 lectionem
1797 4817 1908 4882 classis

252 4925 368 4989 tertiae
392 4919 474 5009 (111)
503 4920 810 5002 contaminatorum,
845 4920 886 4986 de
920 4944 985 5009 qua
1017 4945 1089 4988 oum
1115 4930 1234 5011 postea
1263 4921 1426 5010 agendum
1454 4924 1512 5006 eit,
1543 4924 1622 4988 utile
1645 4923 1749 4987 visum
1772 4926 1822 4986 est
1842 4921 1908 5012 iam

252 5029 314 5093 hoe
343 5029 414 5092 loco
444 5024 605 5104 indicare,
640 5045 717 5089 num
747 5024 790 5089 ad
817 5026 953 5090 alteram
985 5034 1090 5093 utram
1124 5029 1261 5093 classem
1284 5026 1420 5092 accedat
1443 5049 1484 5092 an
1507 5026 1549 5091 ab
1572 5032 1710 5113 utraque
1735 5025 1906 5112 discrepet.

256 5133 303 5198 0³
326 5133 358 5198 in
380 5132 443 5196 hcc
468 5128 604 5194 elencho
628 5127 669 5192 ad
693 5129 830 5194 classem
853 5128 887 5193 II
910 5131 1065 5207 refertum
1088 5154 1160 5197 cum
1186 5133 1412 5197 contaminatis
1435 5131 1493 5197 ubi
1514 5131 1607 5214 facit,
1629 5129 1663 5194 id
1685 5129 1906 5196 indicarimus.

893 5371 982 5437 Vitta
1003 5371 1116 5438 elacata
1130 5374 1269 5456 pmcne.

457 5515 510 5589 l‚1
534 5505 740 5596 deprecatur]
764 5509 932 5574 dedicatur
953 5510 978 5575 I

458 5619 513 5696 l,s
536 5609 632 5700 papa]
656 5619 749 5700 pater
770 5615 794 5679 I

365 5743 366 5746 ¹
459 5722 486 5820 1,
503 5743 528 5786 a
551 5715 729 5799 dis-exime
751 5739 808 5800 cen.
832 5718 856 5800 Ι
