4544 6428
959 408 1176 466 EPITOMAE

527 581 754 639 FELIOIANA
1380 583 1614 640 OONONLINA

239 707 295 752 eos
339 687 373 750 in
409 707 491 751 nava
533 687 592 752 sub
630 689 774 774 periculo
811 690 924 754 mortis
965 711 1036 755 cum

237 791 480 876 magistrianum
505 797 539 856 et
566 792 800 879 profectionum
822 791 1038 858 Heliodorum

238 900 272 958 et
296 893 515 970 Demetrium
549 901 582 959 et
609 895 671 960 hoo
700 895 789 960 dedit
819 897 852 960 in
876 897 1037 962 mandatis

236 998 423 1084 imperator,
446 1005 482 1062 ut
504 1000 625 1063 nullam
642 999 806 1064 civitatem
822 999 1035 1086 ingrederen-

238 1107 298 1165 tur.
342 1102 394 1167 Illi
417 1122 494 1166 vero
511 1103 666 1168 secretius
688 1123 786 1188 supra
809 1105 944 1190 scriptas
968 1105 1036 1190 cpi-

238 1205 337 1270 stolas
352 1205 429 1271 fidei
444 1205 579 1271 XVIIII
601 1227 661 1292 per
675 1227 789 1270 manus
805 1207 1036 1272 monachorum

239 1310 469 1375 catholicorum
486 1317 663 1396 posuerunt
679 1310 832 1396 epistolas
852 1331 911 1397 per
927 1331 1038 1375 omnes

116 1429 119 1434 ·
239 1414 397 1479 civitates.
443 1412 535 1487 Quae
559 1420 668 1479 tamen
692 1416 849 1501 epistolae
867 1421 1037 1500 susceptae

237 1518 279 1583 ab
303 1519 463 1604 episcopis
493 1519 657 1583 civitatum
686 1519 924 1582 consentientes
946 1518 1035 1583 Ana-

237 1623 335 1686 stasio
368 1620 454 1707 Aug.
488 1621 648 1705 heretico,
684 1623 800 1686 timore
835 1641 947 1686 omnes
982 1642 1037 1686 eas

238 1722 551 1812 Constantinopolim
567 1725 756 1790 direxerunt
770 1726 803 1790 in
818 1745 931 1789 manus
946 1723 1036 1789 Ana-

235 1829 324 1894 stasi.

234 1965 333 2030 Furia
356 1965 469 2032 ductus
492 1966 684 2031 Anastasius
706 1987 813 2052 papae
836 1965 1033 2031 Hormisdae
1088 1967 1178 2034 Inter
1193 1968 1257 2033 alia
1273 1969 1384 2053 multa,
1402 1989 1484 2056 quae
1500 1969 1691 2035 Anastasius
1715 1972 1745 2036 ei
1761 1970 1889 2054 direxit,

234 2070 319 2134 inter
340 2070 404 2135 alia
426 2091 519 2136 saera

233 2208 317 2273 haec
339 2210 477 2296 scripsit,
501 2209 624 2274 dicens:
648 2208 717 2273 Nos
739 2207 852 2272 iubere
875 2207 1033 2290 volumus,
1086 2208 1169 2273 haec
1191 2211 1327 2296 scripsit,
1352 2210 1477 2278 dicens:
1502 2211 1571 2277 Nos
1592 2212 1706 2278 iubere
1727 2214 1884 2297 volumus,

233 2333 298 2377 non
330 2313 423 2378 nobis
450 2313 563 2378 iuberi.
615 2314 792 2378 Percussus
827 2311 934 2375 dlvino
969 2312 1034 2375 ictu
1087 2333 1151 2376 non
1187 2335 1246 2379 nos
1281 2315 1395 2380 iuberi.
1460 2315 1637 2381 Percussus
1677 2315 1782 2380 divino
1823 2318 1887 2380 ictu

234 2416 425 2482 Anastasius
440 2417 571 2483 interiit.
616 2416 759 2503 Sumpsit
773 2417 883 2500 itaquo
898 2415 1034 2500 imperio
1087 2416 1211 2481 fulmini
1233 2418 1364 2483 interiit.
1409 2418 1554 2505 Sumpsit
1582 2422 1693 2507 itaque
1716 2420 1886 2507 imperium

234 2520 376 2586 Iustinus
393 2520 607 2597 orthodoxus,
631 2528 665 2586 et
690 2521 820 2585 mittans
850 2518 893 2582 ad
921 2519 1033 2584 sedem
1086 2519 1227 2585 Iustinus
1243 2521 1419 2587 ortodoxus
1442 2530 1475 2588 et
1498 2525 1584 2588 misit
1606 2523 1649 2588 ad
1672 2523 1784 2588 sedem
1808 2544 1887 2610 apo-

235 2625 448 2710 apostolicsm
615 2665 616 2671 1
1085 2624 1242 2691 stolicam.

234 2743 276 2808 ad
297 2766 418 2832 papam
440 2744 616 2810 Hormisda
639 2743 775 2810 Gratum
806 2747 839 2808 et
865 2743 1032 2808 inlustrem

232 2849 373 2932 nomine,
397 2855 431 2914 et
452 2849 516 2914 hoc
531 2849 674 2936 speravit
689 2854 724 2913 ut
745 2849 839 2934 ligati
854 2845 1030 2932 dirigeren-

233 2958 285 3016 tur
307 2952 350 3017 ad
372 2953 485 3017 sedem
501 2953 723 3040 apostolicam,
741 2957 849 3016 tamen
866 2972 938 3016 cum
955 2971 1030 3016 oon-

232 3056 303 3121 silio
327 3058 412 3142 regis
436 3056 640 3122 Theudorici.

1083 3176 1177 3241 Facit
1214 3182 1325 3242 autem
1361 3199 1448 3266 papa
1486 3176 1636 3242 Ormisda
1674 3180 1707 3242 in
1746 3179 1886 3244 ecclesia

1084 3280 1233 3346 Romana
1254 3302 1315 3368 per
1336 3283 1454 3347 multas
1474 3282 1625 3346 basilicas
1640 3281 1769 3348 diversa
1791 3303 1884 3347 orna·

1084 3391 1195 3450 monta
1218 3405 1261 3450 ex
1284 3405 1362 3452 auro
1387 3393 1420 3452 et
1442 3392 1589 3472 argento.

228 3505 272 3572 ut
296 3505 415 3571 direxit
438 3503 636 3570 Germanum
660 3503 847 3589 episcopum
874 3501 1030 3588 Oapuano

230 3611 419 3677 etIohanne
437 3609 591 3695 episcopo
610 3612 644 3672 et
656 3605 782 3672 Blando
799 3606 980 3693 presbitero
998 3611 1032 3671 et

229 3714 373 3780 Felicem
394 3713 565 3778 diaconum
587 3711 673 3776 sedis
694 3711 894 3797 apostolicae
915 3716 949 3774 et
969 3709 1029 3774 Di-

229 3839 377 3884 oscorum
402 3816 574 3882 diaconum
591 3815 677 3880 sedis
693 3816 845 3902 suscepit,
861 3835 942 3900 quos
958 3835 1028 3878 mu-

227 3924 313 3988 nitus
337 3943 380 3986 ex
403 3921 489 3986 omni
510 3925 603 4005 parte
626 3918 703 3983 fidei
725 3939 790 3984 una
812 3939 884 3983 curn
907 3916 1028 3998 libello,

230 4024 393 4113 quomodo
421 4023 564 4089 redirent
598 4021 695 4088 Greci
729 4021 771 4086 ad
803 4022 1028 4086 communione

229 4130 315 4195 sodis
338 4129 525 4216 apostolice.
573 4127 636 4201 Qui
651 4127 818 4191 venientes
833 4126 924 4189 iuxta
943 4123 1028 4188 Gon-

229 4233 457 4319 stantinopole,
480 4232 617 4296 occurrit
637 4231 699 4295 illis
719 4228 890 4294 multitudo
914 4249 1028 4293 mona-

229 4338 362 4403 chorum
393 4342 427 4400 et
457 4335 637 4399 inlustrium
671 4335 829 4411 virorum,
857 4333 1029 4418 inquibus

228 4441 369 4507 Iustinus
392 4441 570 4525 imperator
603 4444 637 4503 ot
666 4438 850 4502 Vitalianus
874 4436 1029 4520 magister

228 4546 386 4627 militurn,
416 4543 509 4608 simul
540 4563 561 4606 a
590 4540 733 4607 Castello
764 4538 917 4605 Rotundo
942 4536 1029 4625 quod

229 4648 345 4713 dicitur
367 4669 469 4734 usquo
497 4647 530 4711 in
561 4646 691 4710 civitate
715 4643 1028 4728 Constantinopolim

228 4773 301 4816 cum
336 4752 439 4837 gloria
468 4756 501 4814 ot
528 4749 643 4814 laudes
678 4749 815 4834 ingressi
845 4753 934 4828 sunt,
965 4768 1029 4811 una

228 4876 301 4919 oum
331 4854 433 4920 Grato
470 4854 604 4919 inlustri.
671 4852 815 4938 Ingressi
852 4852 962 4937 itaque
995 4851 1029 4914 in

229 4959 362 5022 civitate
386 4959 527 5045 suscepti
551 4963 624 5022 sunt
640 4977 660 5020 a
674 4956 797 5021 Iustino
813 4953 899 5039 Aug.
917 4954 1027 5018 ortho-

229 5060 315 5126 doxo
352 5082 425 5126 cum
461 5063 575 5147 gloria.
641 5059 753 5125 Omnis
782 5060 892 5143 itaque
924 5058 1028 5122 clerus

229 5164 602 5252 Constantinopolitanus
624 5185 689 5228 una
710 5185 782 5228 oum
798 5161 942 5226 Iohanne
960 5163 1028 5247 spi·

228 5291 343 5356 scopo,
368 5271 546 5335 sentientes
575 5289 615 5334 eo
639 5265 726 5354 quod
748 5272 862 5352 gratae
886 5267 1028 5352 suscepti

228 5374 300 5456 sint,
323 5375 522 5439 incluserunt
544 5394 579 5437 so
602 5373 687 5437 intra
710 5371 880 5435 ecclesiam
903 5371 1026 5434 maiore

229 5499 312 5563 quas
328 5484 462 5542 vocatur
477 5482 588 5542 sancta
604 5474 701 5556 Solia,
726 5479 759 5538 et
782 5474 914 5538 oonsilio
939 5474 1026 5538 sacto

227 5579 463 5646 mandaverunt
506 5579 710 5664 imperatori,
756 5577 914 5643 dicentes:
958 5575 1027 5640 Nisi

228 5684 320 5749 nobis
342 5682 470 5748 reddita
492 5683 589 5748 fuerit
611 5683 703 5774 ratio,
729 5702 828 5767 quare
852 5679 1025 5746 damnatus
