4612 6436
1099 411 1385 472 PROLEGOLOENA.

670 589 764 674 plerso
794 588 949 671 (XXXI.
980 588 1123 654 XXXV.
1159 588 1325 654 XXXVI.
1356 587 1506 654 XLVII.
1538 587 1706 654 XLVIII.
1746 588 1883 673 XLIX)
1906 589 2070 671 probabile

671 699 717 759 est
739 713 809 759 eam
829 714 894 759 nen
920 693 960 758 ab
988 694 1189 774 epitomatere
1216 693 1364 758 emessam
1391 714 1471 770 esse,
1493 693 1548 758 scd
1568 693 1692 774 afuisse
1713 713 1735 760 a
1755 695 1934 760 recensione
1948 695 2067 775 priore.

670 799 751 880 Ipsa
772 798 932 879 posterior
960 796 1135 864 iuerlmter
1163 797 1299 863 ostendit
1320 795 1500 861 clausulam
1529 794 1566 860 de
1595 817 1661 879 qua
1690 798 1800 880 apitru
1828 797 2069 880 interpolatione

671 903 828 969 maccam
850 923 915 968 csse
929 924 992 986 per
1012 903 1134 987 medus
1155 907 1323 981 crescente,
1346 906 1384 966 ut
1405 901 1634 984 metandum
1655 902 1722 983 tuit
1737 907 1870 984 propter
1891 901 2070 968 clenentiam

669 1005 804 1073 alteram
825 1029 894 1073 ecre
915 1007 1083 1090 amionem
1104 1027 1164 1094 per
1186 1005 1316 1073 diversa
1337 1007 1410 1071 lece.
1430 1006 1640 1088 requirentem
1662 1007 1747 1089 qued
1768 1007 1830 1072 sibi
1850 1013 2069 1090 opponeretur.

669 1111 757 1176 Nem
779 1110 852 1176 tert
873 1111 1063 1177 recensiom'a
1077 1110 1195 1192 plenae
1217 1131 1322 1176 omncs
1344 1107 1522 1174 cannen
1543 1109 1633 1175 illam
1653 1131 1719 1176 nen
1740 1110 1855 1177 babent
1875 1111 1942 1176 nisi
1970 1113 2071 1178 decies

672 1216 734 1299 (cp.
757 1215 895 1282 XXXI.
930 1213 1100 1280 XXXVI.
1136 1213 1284 1280 XLVII.
1319 1212 1488 1279 XLVIII.
1522 1213 1652 1282 XLIX.
1687 1214 1788 1280 LIII.
1818 1215 1940 1282 LIIII.
1974 1214 2068 1281 LVI.

673 1319 806 1385 LVIII.
840 1319 952 1404 LIX),
988 1319 1102 1384 demut
1134 1317 1249 1384 ommes
1273 1319 1384 1400 prime
1411 1323 1441 1383 ct
1469 1319 1609 1384 secunde
1636 1324 1683 1384 ter
1707 1322 1767 1402 (cp.
1783 1318 1928 1385 XXXV.
1954 1319 2069 1385 XLII.

676 1423 815 1509 XLIII)
837 1430 947 1490 corrtre
969 1424 1114 1502 tcrtrbm;
1145 1423 1257 1488 classis
1287 1423 1429 1488 secunda
1445 1421 1634 1506 plerumque
1656 1445 1729 1489 cum
1751 1424 1847 1490 tertie
1869 1428 1980 1490 centra
1997 1423 2069 1508 pri-

672 1550 757 1594 mam
772 1529 921 1594 ummcies
936 1531 996 1612 (ep.
1015 1527 1341 1594 XXXVII-XLI.
1366 1527 1456 1592 XLI
1461 1526 1661 1594 V—XLVI.
1686 1526 1856 1604 L-LII).
1902 1525 2071 1594 Nonrecte

673 1634 788 1698 detuit
809 1633 1022 1698 Hernecbius
1043 1632 1222 1698 clausulam
1239 1632 1383 1714 primm
1402 1631 1536 1713 reperiri
1556 1632 1594 1696 in
1607 1632 1723 1698 Marco
1739 1637 1800 1714 (ep.
1817 1629 1976 1715 XXXV),
1998 1651 2071 1696 cum

673 1737 760 1802 adsit
774 1738 841 1802 iem
856 1742 952 1803 antea
966 1736 1142 1820 ebbuoties,
1158 1757 1258 1819 neque
1280 1734 1345 1801 ulle
1367 1735 1456 1800 modo
1478 1755 1517 1800 en
1536 1735 1680 1802 numnis
1702 1736 1939 1800 ordinationum
1954 1734 2069 1815 officie

670 1847 725 1906 tnr
755 1861 778 1905 a
801 1839 916 1906 Marce
949 1841 1025 1906 inde
1057 1840 1180 1906 tradita
1210 1860 1231 1905 a
1254 1839 1518 1922 praecedentibus
1547 1859 1615 1905 ecre
1642 1839 1781 1920 differre.
1829 1837 1963 1904 Onmioe
1984 1838 2071 1919 afuit

672 1943 820 2010 clausula
850 1946 883 2010 in
911 1944 992 2010 urbe
1019 1945 1127 2010 Roma
1148 1965 1170 2008 a
1192 1944 1346 2010 sebenmte
1367 1945 1509 2026 antiqno.
1554 1942 1624 2008 Hoc
1645 1942 1780 2024 sortasse
1809 1941 1937 2023 deferrdi
1950 1941 2072 2024 peterit

666 2053 742 2130 pest
769 2048 949 2131 Apepetum
977 2049 1038 2130 (ep.
1062 2047 1162 2128 LIX)
1194 2048 1287 2113 cerba
1320 2047 1353 2113 in
1386 2047 1467 2113 urbe
1501 2046 1608 2111 Roma
1637 2045 1777 2128 emplius
1801 2067 1866 2112 nen
1893 2066 2071 2129 comparere

666 2156 837 2234 prepterea
869 2152 955 2235 qued
986 2151 1204 2218 ordinationes
1231 2153 1423 2233 posteriores
1456 2150 1588 2216 aliunde
1611 2150 1775 2232 profectae
1802 2155 1891 2230 nort,
1925 2150 1961 2216 id
1987 2148 2073 2232 qued

668 2260 803 2337 propter
824 2255 910 2320 alies
932 2275 1049 2320 causes
1069 2255 1186 2320 statuit
1207 2254 1425 2320 Harnocirins.

570 2357 713 2426 Mensem
739 2359 784 2424 ad
810 2359 1027 2425 ordinationes
1057 2359 1270 2440 adscmptum,
1293 2357 1482 2440 plerumnque
1507 2356 1722 2435 Decembrem,
1750 2357 1796 2422 cd
1824 2355 1909 2423 seles
1929 2356 2073 2422 urbanas

668 2464 923 2549 presbyterorum
944 2469 974 2529 ct
996 2463 1202 2530 diaconorum
1217 2463 1379 2545 pertinere
1401 2461 1570 2528 ostendunt
1594 2461 1654 2527 net
1674 2461 1812 2528 mammc
1825 2482 1861 2542 p.
1879 2465 1908 2540 6,
1924 2482 1946 2528 o,
1969 2465 2022 2540 43,
2035 2479 2071 2526 ιε.

674 2571 726 2646 80,
746 2588 768 2628 n
791 2569 979 2652 (secundina
1002 2567 1161 2634 lectionem
1182 2567 1268 2633 codd.
1293 2567 1484 2649 optimorum
1505 2565 1542 2632 cl.
1559 2566 1585 2631 I
1601 2570 1631 2630 et
1647 2565 1697 2644 II,
1720 2587 1817 2648 quem
1833 2586 1938 2632 errore
1951 2567 2071 2650 reieci).

675 2672 761 2738 Earn
783 2673 876 2756 baem
898 2673 934 2738 in
955 2672 1022 2737 vite
1044 2672 1135 2738 Petri
1157 2671 1207 2756 (I)
1238 2672 1369 2753 epitome
1390 2675 1542 2752 atraque,
1565 2669 1735 2735 Feliciaue
1761 2669 1858 2735 dmm
1879 2671 1916 2735 in
1936 2691 1983 2755 ep.
2007 2670 2032 2735 I
2035 2670 2071 2737 V.

680 2776 717 2843 V.
747 2775 824 2844 VII.
846 2775 902 2842 IX
921 2775 1085 2860 nmbyunt
1111 2796 1246 2842 oensem
1273 2773 1458 2842 edocentes
1478 2775 1541 2856 ito,
1570 2778 1608 2839 ut
1638 2773 1877 2856 conmmendat
1899 2775 2072 2856 episcopos;

674 2881 711 2945 in
737 2881 888 2946 Anterote
910 2879 1008 2964 (XX)
1037 2900 1231 2962 quemquam
1263 2880 1303 2945 ab
1333 2898 1368 2944 eo
1396 2878 1513 2944 absunt
1534 2878 1713 2962 presbyteri
1742 2883 1772 2943 et
1793 2878 1934 2958 cllocem,
1957 2879 2072 2944 nihile

677 2983 784 3048 minus
805 2983 943 3048 recensio
964 2987 1101 3066 unaque
1122 2983 1171 3047 eit
1192 2982 1345 3048 aaran
1367 3003 1439 3046 eum
1465 2981 1645 3063 episcopm
1666 3001 1769 3046 noerae
1789 2980 1964 3049 Decembri.
2009 2981 2072 3047 Re·

676 3087 779 3154 ccnsio
794 3087 954 3169 posterior
980 3087 1015 3153 in
1029 3085 1180 3152 Silvestre
1202 3106 1267 3152 rnre
1289 3085 1352 3152 lece
1375 3085 1452 3165 52,r
1476 3091 1602 3168 (centra
1625 3085 1662 3152 cl.
1679 3086 1746 3151 III
1763 3091 1794 3151 et
1814 3084 1951 3150 alarum
1971 3085 2073 3152 locum

678 3195 756 3270 72,1
779 3197 808 3256 ct
829 3191 1039 3257 recensionem
1054 3191 1212 3273 merem)
1226 3188 1338 3255 solitae
1352 3190 1546 3256 indicatieni
1561 3210 1621 3277 per
1635 3211 1679 3256 m.
1695 3189 1777 3256 Dee.
1793 3189 1887 3256 verba
1909 3190 2073 3266 centraria

678 3295 811 3361 diversis
834 3295 1034 3382 temporibus
1055 3315 1128 3360 cum
1149 3295 1221 3378 ipso
1236 3293 1408 3376 contempit.
1454 3293 1626 3360 Praeterea
1647 3295 1684 3359 in
1705 3293 1766 3360 bac
1780 3293 1974 3360 indicatione
1988 3296 2073 3360 anti·

677 3421 774 3482 qnam
787 3399 925 3480 formam
937 3399 1052 3464 retinet
1067 3399 1158 3475 (nom
1174 3418 1294 3463 errores
1315 3399 1351 3463 in
1373 3419 1419 3480 ep.
1438 3397 1524 3462 XII.
1549 3397 1641 3465 XVI
1654 3399 1819 3480 pertinent
1832 3399 1878 3462 ad
1890 3397 1989 3464 solem
2003 3399 2073 3464 eins

676 3503 804 3569 classem
825 3503 1022 3581 secundam).
1041 3587 1050 3596 μ
1070 3501 1204 3569 &mire
1226 3502 1445 3585 beccanoque
1466 3503 1599 3568 innuere
1625 3503 1774 3570 videntur
1801 3501 1964 3586 arcbetppi
1992 3523 2072 3568 cem·

677 3608 785 3673 munos
810 3607 994 3688 scriptorem
1021 3606 1157 3687 sorerem
1184 3627 1253 3672 eam
1278 3607 1448 3673 retinuisse
1474 3607 1553 3688 fere,
1582 3607 1638 3672 sed
1662 3628 1784 3690 partim
1811 3605 2001 3672 intellectam
2022 3607 2073 3672 bic

677 3709 743 3776 illic
764 3709 943 3793 mebeuse.

583 3814 683 3880 Verba
705 3835 765 3901 per
788 3835 933 3879 mensem
956 3814 1190 3898 Decembrem,
1220 3837 1302 3897 quoe
1324 3815 1581 3880 ordinationibus
1607 3814 1758 3896 subiunpi
1785 3815 1894 3880 debent
1915 3820 1945 3879 et
1965 3814 2073 3893 solent,

678 3919 752 3984 itera
774 3939 839 3984 neu
860 3939 936 3984 raro
958 3920 995 3984 in
1017 3919 1107 3984 libris
1128 3920 1255 4001 optimis
1276 3920 1451 4002 padusque
1474 3919 1622 4002 annue
1644 3917 1709 3984 loce
1730 3916 1851 4000 aliene,
1873 3922 1911 3983 ut
1932 3919 1969 3983 in
1990 3919 2073 3983 Ani·

678 4029 742 4088 oete
769 4028 817 4105 15,
830 4048 854 4105 c,
877 4023 914 4088 in
935 4023 1115 4108 Zephyrine
1138 4027 1190 4106 20,
1207 4048 1241 4104 n,
1264 4025 1301 4088 in
1326 4023 1411 4089 Gaio
1434 4027 1485 4102 38,
1503 4048 1536 4088 no.
2118 4103 2121 4116 .

574 4127 642 4192 Sub
670 4125 818 4193 Silvestre
844 4129 991 4193 narratio
1023 4129 1061 4193 de
1096 4127 1188 4192 titulo
1215 4127 1345 4210 Equitii
1373 4127 1497 4193 condite
1523 4125 1572 4191 bis
1598 4125 1712 4208 lepitrm
1731 4146 1767 4206 p.
1782 4127 1836 4205 47,
1850 4128 1971 4206 ιο-48,
1988 4145 2012 4186 n
2040 4132 2070 4192 et

672 4252 708 4312 p.
724 4235 776 4310 71,
793 4251 886 4292 n-sr
908 4232 1063 4298 recensita
1085 4231 1212 4297 diverse.

419 4334 684 4400 Perturbabienes
706 4335 866 4402 admissae
890 4343 963 4402 sunt
984 4337 1038 4401 vel
1061 4341 1149 4402 certe
1173 4336 1345 4401 inchoatae
1363 4335 1458 4421 culpa
1477 4333 1578 4421 ipsius
1595 4334 1733 4399 auctoris
1749 4354 1809 4419 per
1823 4332 1943 4419 gradus
1957 4332 2074 4399 librum

419 4439 569 4524 augentis
588 4438 817 4505 additamentis
839 4441 967 4506 insertis
988 4439 1150 4504 interdum
1173 4440 1246 4505 loeo
1269 4461 1334 4504 non
1357 4460 1426 4504 suo.
1452 4473 1491 4485 -
1514 4436 1542 4501 n
1566 4438 1726 4503 connatis
1745 4458 1881 4520 errores,
1906 4457 1987 4523 quos
2008 4458 2072 4503 non

421 4544 560 4609 auctoris
584 4564 657 4610 esse
681 4550 804 4609 eertum
827 4545 877 4624 sit,
900 4546 934 4609 in
957 4545 1109 4631 exempla
1131 4548 1241 4608 nostra
1263 4545 1370 4609 emnia
1392 4542 1576 4630 propagati,
1600 4541 1712 4628 quales
1735 4541 1873 4606 fortasse
1896 4548 1970 4607 sunt
1991 4542 2041 4606 hi:

581 4652 680 4731 rens
715 4649 853 4713 ecelesia
887 4648 1248 4734 constantinopolitana
1281 4648 1385 4735 prime
1423 4667 1459 4712 se
1498 4647 1639 4712 omnium
1679 4646 1889 4712 ecelesiarum
1930 4644 2075 4733 [romana

680 4751 754 4816 add.
777 4751 835 4833 II,
868 4771 1021 4817 romanae
1055 4751 1214 4817 ccclesiae
1249 4751 1323 4817 add.
1346 4751 1382 4831 I,
1416 4750 1450 4816 id
1485 4756 1536 4816 est
1567 4750 1704 4816 eeclesia
1735 4770 1868 4815 romana
1897 4750 1975 4818 add.
1996 4750 2074 4835 III]

681 4854 855 4937 scribebat,
877 4855 933 4920 abi
952 4854 1105 4938 plesscmo
1126 4875 1231 4921 omnes
1253 4854 1349 4920 libros
1370 4855 1535 4937 occuparit

583 4963 651 5040 ¹96,
668 4984 692 5023 a
715 4964 824 5046 partes
852 4958 1109 5047 subscripserunt
1132 4958 1266 5024 CXXV:
1289 4981 1352 5040 pro
1375 4979 1506 5024 numero
1521 4960 1552 5023 V
1575 4992 1615 5014 =
1640 4958 1781 5045 quinque
1804 4956 1904 5022 trium
1926 4957 2076 5022 classium

681 5060 755 5127 libri
777 5063 888 5146 optimi
909 5063 1023 5129 babeat
1045 5085 1109 5128 cxx
1132 5083 1268 5150 eumque

423 5187 496 5231 rare
522 5166 696 5231 admodum
719 5167 1014 5254 deprehenduntur,
1037 5189 1143 5254 neque
1167 5168 1353 5253 frequentes
1377 5187 1448 5232 esse
1470 5172 1605 5254 possunt
1625 5167 1658 5230 in
1681 5165 1774 5246 libre,
1798 5186 1818 5229 a
1840 5165 1929 5230 cuius
1952 5165 2075 5250 origine

423 5269 551 5336 cedices
573 5271 674 5336 nostri
695 5271 846 5336 meliores
869 5293 934 5337 non
957 5272 1078 5337 distant
1099 5272 1160 5336 nisi
1180 5272 1349 5337 intervallo
1372 5271 1414 5336 ad
1437 5292 1596 5336 summum
1619 5275 1748 5336 centum
1770 5290 1935 5335 annorum.

1051 5459 1273 5528 nncnnsle
1296 5460 1445 5527 PRIOR.

531 5599 679 5663 Vitarum
701 5598 887 5686 pontificum
910 5599 1131 5665 Romanorum
1159 5619 1296 5686 comesa
1319 5598 1398 5681 duo,
1422 5600 1558 5664 alterum
1581 5599 1773 5684 perveniens
1795 5596 1838 5662 ad
1859 5597 2002 5664 Felicem
2027 5597 2075 5663 IV

425 5701 461 5788 (†
484 5702 573 5787 530),
596 5701 639 5767 ad
662 5702 827 5767 Cononem
851 5703 887 5790 (†
910 5703 988 5792 687)
1010 5706 1165 5788 alterum,
1188 5724 1252 5769 non
1276 5721 1348 5768 esse
1370 5702 1432 5767 nisi
1454 5702 1612 5788 epitomes
1636 5699 1717 5766 duas
1739 5701 1882 5766 diversas
1905 5708 2076 5788 excerptas
