4538 6420
883 374 1168 434 Peohuuouuus.
1796 378 1860 434 hill

303 547 375 612 Iam
406 548 573 616 videamus
607 551 746 637 primum
780 552 813 617 in
841 551 954 618 ordine
991 553 1167 638 spatiisque
1197 553 1443 639 episcopatuum
1473 574 1632 640 quaenam
1661 555 1859 621 Pontificalis

200 653 301 718 nostri
324 653 399 719 libri
422 655 530 741 scripti
552 653 696 722 habeant
719 662 848 743 sumpta
871 679 914 722 ex
937 658 1092 722 laterculo
1116 656 1300 722 Liberiono.
1339 656 1451 722 Habet
1474 660 1621 744 quaestio
1643 657 1737 741 haee,
1761 680 1859 745 quam

200 779 260 842 per
285 759 428 843 singulos
452 758 580 826 codices
603 760 764 847 dispertiri
786 763 961 844 noluimus,
990 763 1162 827 utilitatem
1185 783 1250 827 non
1278 763 1430 848 exiguam
1454 784 1527 828 cum
1550 765 1583 828 in
1605 766 1786 831 universam
1815 763 1856 830 ad

201 862 315 928 horum
341 869 523 951 temporum
547 867 789 953 chronologiam
813 872 880 932 turn
904 867 1095 953 praesertim
1118 865 1161 931 ad
1183 867 1277 932 crisin
1302 867 1374 933 libri
1398 869 1467 934 eius
1491 889 1588 955 quem
1612 868 1746 935 edimus.

312 981 338 1041 1.
365 978 404 1042 In
427 978 623 1045 collocandis
645 978 740 1046 Oleto
765 985 798 1046 et
821 979 990 1074 Clemente
1018 979 1105 1066 apud
1127 980 1352 1046 Pontifiealem
1382 982 1505 1048 nullum
1534 982 1687 1049 indicium
1710 991 1859 1050 remanet

206 1079 326 1146 ordinis
349 1081 514 1148 Liberieni
537 1083 729 1170 videturque
760 1084 802 1150 ab
827 1083 961 1150 exordio
991 1089 1104 1150 auctor
1134 1085 1202 1150 eius
1232 1086 1265 1150 in
1288 1105 1329 1149 ea
1350 1106 1387 1151 re
1409 1086 1513 1152 Indici
1533 1087 1707 1153 obsecutus
1730 1089 1858 1154 Olotum

202 1192 278 1250 ante
307 1185 509 1252 Clementem
542 1189 761 1254 collocavisse.
812 1187 866 1253 Ad
901 1187 1121 1254 diversitatem
1149 1209 1222 1254 eam
1256 1189 1388 1274 respicit
1421 1190 1511 1255 locus
1534 1212 1565 1276 p.
1584 1194 1613 1272 7,
1631 1217 1670 1273 ro,
1700 1212 1796 1278 quem
1827 1195 1858 1258 in

83 1285 84 1290 ’
205 1291 356 1376 epitomis
377 1312 444 1356 non
467 1299 631 1378 repertum
655 1292 682 1358 si
704 1291 830 1358 addidit
844 1301 957 1360 auctor
973 1293 1144 1375 secundus,
1168 1314 1208 1358 eo
1224 1293 1414 1358 confirmare
1432 1295 1534 1359 voluit
1549 1294 1694 1361 ordinem
1718 1298 1858 1384 aprime

203 1399 335 1460 auctore
358 1396 555 1483 praelatum:
580 1397 649 1462 ideo
663 1403 797 1478 propter
816 1397 922 1462 Licus
944 1402 973 1462 ct
993 1397 1104 1464 Olctus
1125 1402 1199 1462 onte
1221 1418 1292 1461 eum
1308 1397 1543 1481 (Clementem)
1559 1401 1804 1466 mucoribuatur
1825 1423 1858 1467 eo

202 1499 288 1580 quod
303 1499 344 1564 ob
366 1499 434 1581 r'pso
450 1501 600 1582 princepe
622 1500 833 1582 apostolorum
855 1501 901 1566 od
921 1501 1136 1566 ministerium
1158 1500 1381 1566 socerdotalem
1397 1501 1604 1568 exhibendum
1625 1510 1703 1592 quat
1724 1506 1861 1588 episcopi

202 1603 355 1670 ordinati.
406 1603 473 1670 Sed
501 1611 610 1670 tamen
638 1604 864 1672 Pontificalem
899 1606 953 1692 qni
986 1607 1112 1692 scripsit
1148 1606 1289 1691 catalogi
1321 1605 1488 1671 Liberiani
1524 1605 1759 1674 ordinationem
1793 1616 1859 1674 tem

204 1708 353 1794 imperite
377 1710 524 1792 invertit,
555 1715 592 1775 ut
614 1711 798 1776 consulatus
826 1711 982 1776 retineret
1010 1732 1074 1775 non
1102 1716 1244 1776 mutatos
1273 1711 1384 1797 itaque
1417 1711 1504 1798 apud
1535 1732 1609 1776 enm
1632 1720 1707 1797 post
1730 1711 1859 1779 Oletum

205 1813 394 1900 episcopum
418 1813 587 1900 adscriptis
609 1814 701 1879 annis
718 1818 844 1880 77-83
868 1815 979 1880 veniat
994 1814 1146 1880 Olemens
1170 1815 1341 1900 episcopus
1367 1813 1537 1902 adscriptis
1561 1815 1653 1880 annis
1676 1819 1815 1884 68-79.

306 1928 337 1992 2.
359 1924 555 1991 Anaeletum
577 1923 610 1990 in
632 1923 743 1990 Indice
767 1931 855 1992 recte
879 1927 1032 1991 omissum
1056 1946 1128 1991 oum
1151 1925 1326 1991 Liberiano
1355 1933 1468 1992 auctor
1493 1926 1692 1995 Pontificalis
1716 1930 1857 2012 retinuit,

206 2050 313 2116 neque
336 2028 370 2094 id
392 2034 596 2095 mutaverunt
618 2031 828 2116 posteriores.

307 2147 337 2208 3.
365 2143 393 2208 Ε
417 2145 576 2209 contrario
599 2144 632 2208 in
655 2143 714 2208 Pio
744 2149 778 2208 et
800 2142 939 2208 Aniceto
971 2142 1131 2208 ordinatio
1157 2143 1286 2209 inversa
1314 2142 1432 2229 falsa¹)
1464 2164 1507 2210 ex
1528 2145 1703 2212 Liberiano
1734 2149 1860 2212 transiit

201 2246 234 2310 in
256 2249 452 2313 recensionis
474 2248 588 2334 prioris
604 2249 770 2334 epitomen
785 2253 954 2334 utramque
970 2247 1066 2332 (ΕΚ)
1082 2249 1226 2334 itemque
1249 2250 1281 2312 in
1297 2250 1494 2314 recensionis
1517 2252 1706 2336 posterioris
1730 2251 1859 2317 codices

206 2351 247 2418 0³
271 2358 305 2416 et
327 2353 440 2417 classis
463 2353 579 2418 tertiae
603 2373 732 2432 omnes,
755 2353 788 2416 in
811 2352 860 2417 his
882 2353 915 2417 in
939 2359 1095 2438 excerpta
1123 2353 1346 2438 antiquissima
1367 2351 1573 2435 Mutinensia,
1601 2357 1787 2442 pariterque
1811 2361 1860 2420 est

204 2455 236 2521 in
261 2457 412 2542 catalogo
443 2477 601 2544 paparum
624 2455 788 2521 codicibus
812 2456 912 2521 tribus
935 2456 1046 2522 classis
1069 2457 1231 2522 secundae
1252 2457 1356 2522 Β193
1378 2457 1557 2544 praemisso
1580 2465 1692 2524 contra
1715 2460 1860 2524 ordinem

78 2635 82 2644 .
206 2559 239 2624 in
262 2560 341 2645 ipsis
364 2560 580 2626 observatum.

308 2678 338 2738 4.
361 2672 443 2738 Post
457 2673 680 2738 Marcellinum
697 2673 885 2760 episcopum
900 2673 1090 2738 Marcellum
1106 2673 1219 2738 inserit
1235 2675 1402 2759 catalogus
1414 2671 1617 2756 tiberianus,
1633 2696 1697 2740 non
1713 2677 1860 2761 agnoscit

208 2775 351 2863 Index²)
374 2784 462 2844 recte
487 2778 631 2859 omnino,
664 2799 859 2864 quamquem
883 2779 944 2843 viri
972 2777 1058 2844 docti
1082 2798 1194 2842 omnes
1217 2778 1341 2865 opinor,
1369 2779 1402 2842 in
1424 2777 1474 2842 his
1496 2776 1632 2842 Rossius
1654 2784 1688 2843 et
1710 2778 1858 2844 Duches·

207 2881 294 2964 nius,
327 2881 418 2946 illum
448 2883 551 2948 secuti
581 2887 664 2946 eunt.
708 2881 792 2947 Nam
823 2883 961 2968 primum
994 2883 1073 2948 facit
1106 2903 1179 2947 cum
1208 2880 1320 2947 Indice
1351 2882 1526 2947 laterculus
1554 2882 1693 2946 insertus
1722 2883 1858 2948 chrono-

205 2985 361 3071 graphiae
385 3007 414 3050 a.
431 2989 493 3050 354
518 2985 755 3072 depositionum
779 2986 1007 3074 episcoporum
1028 2986 1248 3052 Romanorum
1273 2985 1437 3051 ordinatus
1461 3007 1490 3050 a.
1508 2989 1570 3051 336
1595 2986 1721 3070 (chron.
1745 2987 1855 3051 mint

205 3109 236 3174 p.
254 3090 307 3170 70)
331 3090 446 3176 plenus
468 3088 543 3153 inde
567 3112 589 3154 e·
609 3088 710 3155 Lucio
735 3090 770 3172 (†
793 3111 822 3154 a.
841 3093 918 3162 254;
951 3088 1074 3176 Xystus
1090 3090 1133 3156 II.
1165 3091 1291 3155 transiit
1313 3091 1345 3154 in
1368 3090 1482 3155 feriale
1506 3090 1665 3155 ecclesiae
1689 3089 1859 3154 Romanae

203 3193 360 3258 laterculo
391 3194 607 3278 subiunctum)
638 3214 703 3258 non
734 3193 860 3259 habens
890 3194 1092 3260 Marcellum.
1146 3194 1230 3258 item
1259 3193 1479 3278 Hieronymus
1512 3194 1719 3280 gravissimus
1751 3199 1864 3258 auctor

205 3298 357 3383 episcopo
381 3297 529 3362 Romano
552 3297 702 3363 XXVIII
725 3298 934 3370 Marcelliano
959 3297 1034 3384 (sio)
1058 3297 1222 3384 subiungit
1244 3297 1286 3362 ad
1309 3319 1337 3362 a.
1361 3297 1441 3363 libr.
1459 3301 1542 3364 2321
1568 3297 1735 3362 XXVIIII
1757 3296 1861 3362 Muso-

203 3400 337 3482 biurn³).
382 3401 422 3466 Id
444 3403 548 3488 ipsum
569 3403 691 3467 iaciunt
714 3399 854 3488 Optatus
884 3407 918 3466 et
945 3401 1181 3489 Augustinus)
1212 3403 1382 3489 episcopos
1409 3402 1598 3467 nominatim
1624 3407 1861 3468 enumerantes.

204 3505 354 3592 Denique
378 3527 421 3571 ex
443 3507 513 3593 ipso
536 3507 685 3592 catalogo
701 3505 874 3572 Liberiano
895 3507 1152 3594 interpolationis
1169 3506 1260 3592 origo
1276 3505 1397 3592 prodit;
1420 3507 1544 3571 scilieet
1566 3527 1673 3571 rerum
1696 3511 1861 3592 gestarum

206 3617 355 3698 tempore
379 3612 498 3677 omisso
520 3610 676 3677 Marcello
699 3612 745 3676 ita
767 3610 907 3676 ordinat:

673 3716 878 3782 Marcellinus
902 3713 1069 3780 ordinatur
1090 3736 1120 3779 a.
1138 3717 1200 3779 296
1223 3714 1294 3780 Iun.
1312 3718 1362 3779 30.

903 3820 1074 3906 episcopus
1097 3841 1125 3884 a.
1142 3817 1227 3883 VIII
1249 3839 1291 3884 m.
1309 3817 1363 3883 III
1386 3816 1417 3882 d.
1433 3816 1531 3883 XXV

890 3921 1072 4011 [damnatur
1094 3944 1122 3988 a.
1141 3925 1202 3988 303
1226 3922 1312 4008 Aug.
1329 3925 1369 3987 23
1381 3919 1429 4010 5)).

816 4027 976 4113 depositio
1000 4027 1071 4092 eius
1093 4049 1121 4091 a.
1214 4026 1283 4092 Ian.
1304 4030 1351 4091 15.

734 4137 840 4196 cessat
862 4132 1068 4219 episcopatus
1091 4151 1119 4196 a.
1137 4130 1203 4195 VII
1226 4152 1268 4198 m.
1285 4129 1335 4194 VI
1359 4129 1390 4196 d.
1407 4128 1504 4194 XXV

721 4233 882 4300 Eusebius
905 4235 1071 4300 ordinatur
1093 4255 1122 4301 a.
1209 4233 1287 4319 Apr.
1309 4235 1358 4300 18.

898 4340 1133 4426 episeopus-
1156 4357 1197 4402 m.
1221 4336 1271 4402 IV
1294 4335 1323 4402 d.
1340 4335 1422 4402 XVI

818 4442 978 4530 depositio
1002 4445 1071 4509 eius
1093 4464 1123 4507 a.
1141 4491 1148 4508 .
1163 4491 1170 4507 .
1185 4490 1193 4506 .
1209 4439 1295 4526 Aug.
1316 4445 1365 4506 17.

717 4549 881 4616 Miltiades
905 4549 1070 4615 ordinatur
1091 4568 1121 4613 a.
1138 4549 1196 4612 311
1224 4545 1283 4611 Iul.
1301 4548 1329 4610 2.

314 4709 334 4772 ¹)
352 4711 489 4762 lussnnnt
505 4711 620 4763 ordinem
638 4711 698 4762 item
718 4717 837 4764 auctores
854 4709 952 4762 msculi
970 4709 1054 4776 quarti
1072 4710 1182 4776 Optatus
1200 4707 1232 4759 ds
1249 4707 1353 4759 schism.
1371 4708 1464 4758 Donat.
1477 4702 1533 4771 23
1551 4710 1577 4756 st
1588 4703 1752 4770 Augustinus
1769 4719 1809 4771 sp.
1821 4701 1862 4756 5³.

208 4794 230 4859 ¹)
249 4797 344 4849 Indicis
361 4797 520 4864 exemplaria
542 4797 629 4850 omnia
653 4797 724 4860 (nam
742 4798 773 4850 ds
791 4798 876 4864 quinti
894 4797 1003 4850 lectione
1021 4813 1111 4864 parum
1136 4791 1249 4860 constat)
1275 4811 1320 4860 pro
1337 4792 1489 4845 Marcellino
1511 4798 1538 4844 et
1554 4791 1678 4844 Marcello
1696 4808 1778 4844 unum
1796 4793 1864 4844 Mar·

207 4883 302 4936 cellum
320 4893 431 4952 ponunt,
454 4885 498 4951 qui
517 4901 577 4938 vere
595 4891 635 4936 est
652 4885 828 4938 Marcellinus.
917 4883 939 4950 ⁸)
965 4883 1190 4938 consentientibus
1215 4883 1242 4933 in
1266 4882 1405 4934 omittendo
1423 4881 1547 4934 Marcello
1564 4881 1696 4933 codicibus
1714 4879 1864 4932 melioribus

207 4971 328 5023 omnibus
346 4972 485 5024 acoedome
502 4973 628 5038 Prospero
646 4971 746 5032 (chron.
765 4972 826 5024 min.
845 4969 924 5024 soll
944 4988 969 5038 p.
981 4968 1033 5022 446
1051 4987 1074 5022 c.
1086 4967 1138 5021 949
1156 4986 1180 5036 p.
1193 4964 1244 5020 447
1262 4985 1286 5020 c.
1299 4964 1361 5036 972)
1379 4983 1439 5020 eum
1457 4967 1595 5035 interpolat
1612 4967 1694 5020 codex
1711 4966 1864 5033 Hieronymi

207 5057 340 5110 Leidecsis
358 5059 425 5111 Sosi.
440 5056 472 5110 14
491 5058 531 5121 (F
545 5057 674 5123 Schoenii)
693 5075 761 5110 saec.
774 5060 812 5110 IX
829 5060 973 5126 descriptus
990 5058 1036 5124 qui
1053 5057 1157 5109 videtur
1174 5072 1207 5108 ex
1224 5055 1365 5122 exemplari
1383 5056 1478 5122 scripto
1496 5056 1637 5122 imperanto
1654 5054 1801 5106 Anastasio.
1836 5053 1865 5105 ei

203 5150 338 5198 ocustmet
355 5145 578 5212 interpolationem
596 5146 665 5198 illam
684 5151 812 5212 sumptam
831 5147 934 5198 omnino
953 5163 987 5198 ex
1004 5146 1069 5197 libro
1086 5143 1232 5196 Pontificali
1251 5144 1366 5195 adfuisse
1384 5142 1437 5194 iam
1455 5142 1482 5194 in
1500 5142 1649 5209 archetypo,
1669 5142 1767 5192 Iaceret
1783 5139 1810 5190 id
1832 5139 1865 5190 ad

208 5231 287 5283 huius
305 5237 414 5284 aotamm
432 5233 667 5296 determinandam
685 5233 731 5285 sed
748 5239 833 5300 potest
848 5233 991 5285 Marcellus
1011 5233 1114 5285 additus
1132 5247 1188 5284 esse
1206 5237 1320 5298 temporo
1336 5230 1413 5296 louge
1431 5228 1579 5295 posteriore.
1650 5225 1672 5292 ⁴)
1690 5227 1767 5278 Locis
1785 5241 1865 5292 supra

207 5315 400 5371 admlcitstis.
426 5319 503 5387 Apud
512 5319 688 5386 Augusticum
700 5319 864 5372 Goldbacher
875 5325 985 5370 testatur
993 5318 1174 5370 Marcellinum
1186 5315 1450 5369 abesseaeodicibus
1461 5314 1548 5380 probis
1557 5314 1685 5365 omnihus.
1758 5312 1779 5376 Ι)
1798 5313 1865 5365 Aeta

207 5404 302 5457 ficticia
319 5405 411 5473 synodi
430 5402 604 5460 Sinuessanae
623 5407 719 5473 (Menai
737 5405 815 5459 roll
836 5423 861 5473 p.
875 5403 965 5470 1257)(
989 5406 1128 5458 domnolus
1145 5413 1183 5458 ert
1197 5403 1370 5456 Marcellinus
1387 5402 1520 5467 episcopus
1537 5419 1583 5452 ruo
1601 5400 1695 5452 iudicio
1708 5399 1738 5450 Χ
1752 5399 1776 5451 k.
1795 5399 1866 5466 seps.

208 5489 371 5542 Dioclem
387 5491 463 5543 VIII
476 5501 500 5544 ct
511 5491 673 5546 Mocimionc
689 5491 748 5543 VII
760 5491 910 5545 clarissimis
929 5492 1081 5544 conmittes.
1117 5492 1185 5543 Acta
1202 5491 1266 5542 haec
1283 5490 1328 5556 qui
1346 5489 1422 5540 finxit
1438 5502 1504 5540 saec
1516 5487 1552 5538 Vl
1571 5487 1677 5538 ineunte
1695 5483 1766 5550 (vide
1785 5501 1866 5552 supra

208 5595 232 5644 p.
245 5574 333 5644 XXII)
351 5578 418 5630 diem
432 5579 521 5632 indicii
538 5580 584 5631 vix
602 5580 703 5632 ridetur
720 5583 880 5632 commentus
898 5595 962 5631 esse.
998 5580 1084 5630 Antea
1101 5572 1426 5645 quoqus(p.1251)idem
1438 5580 1528 5626 auctor
1546 5573 1663 5625 meminit
1674 5571 1867 5636 Vulcanalium,

208 5666 252 5732 qui
269 5665 325 5718 dies
342 5665 410 5718 idem
429 5673 476 5718 est.
