<?xml version="1.0" encoding="UTF-8"?>
<!DOCTYPE html PUBLIC "-//W3C//DTD XHTML 1.0 Transitional//EN"
    "http://www.w3.org/TR/xhtml1/DTD/xhtml1-transitional.dtd">
<html xmlns="http://www.w3.org/1999/xhtml" xml:lang="en" lang="en">
 <head>
  <title>
</title>
<meta http-equiv="Content-Type" content="text/html;charset=utf-8" />
  <meta name='ocr-system' content='tesseract 3.04.00' />
  <meta name='ocr-capabilities' content='ocr_page ocr_carea ocr_par ocr_line ocrx_word'/>
</head>
<body>
  <div class='ocr_page' id='page_1' title='image "./monumentagerman02unkngoog_0069.png"; bbox 0 0 4538 6420; ppageno 0'>
   <div class='ocr_carea' id='block_1_1' title="bbox 407 419 1393 480">
    <p class='ocr_par' dir='ltr' id='par_1_1' title="bbox 407 419 1393 480">
     <span class='ocr_line' id='line_1_1' title="bbox 407 419 1393 480; baseline -0.003 -2"><span class='ocrx_word' id='word_1_1' title='bbox 407 423 496 480; x_wconf 82' lang='lat' dir='ltr'>LXIV</span> <span class='ocrx_word' id='word_1_2' title='bbox 1105 419 1393 478; x_wconf 75' lang='lat' dir='ltr'>Puonaoounus.</span> 
     </span>
    </p>
   </div>
   <div class='ocr_carea' id='block_1_2' title="bbox 408 591 2045 889">
    <p class='ocr_par' dir='ltr' id='par_1_2' title="bbox 408 591 2045 889">
     <span class='ocr_line' id='line_1_2' title="bbox 408 591 2045 688; baseline -0.004 -24"><span class='ocrx_word' id='word_1_3' title='bbox 408 596 462 688; x_wconf 84' lang='grc'><strong><em>[1)]</em></strong></span> <span class='ocrx_word' id='word_1_4' title='bbox 485 597 528 664; x_wconf 86' lang='lat' dir='ltr'>ad</span> <span class='ocrx_word' id='word_1_5' title='bbox 551 605 697 664; x_wconf 87' lang='lat' dir='ltr'>sanetum</span> <span class='ocrx_word' id='word_1_6' title='bbox 719 596 858 663; x_wconf 90' lang='lat' dir='ltr'>Paulum</span> <span class='ocrx_word' id='word_1_7' title='bbox 1237 593 1295 684; x_wconf 82' lang='lat' dir='ltr'>[K]</span> <span class='ocrx_word' id='word_1_8' title='bbox 1319 597 1352 660; x_wconf 94' lang='lat' dir='ltr'>in</span> <span class='ocrx_word' id='word_1_9' title='bbox 1375 595 1449 674; x_wconf 87' lang='lat' dir='ltr'>(om.</span> <span class='ocrx_word' id='word_1_10' title='bbox 1465 593 1513 680; x_wconf 85' lang='grc' dir='ltr'>Ε)</span> <span class='ocrx_word' id='word_1_11' title='bbox 1531 595 1672 662; x_wconf 89' lang='lat' dir='ltr'>&#39;miliario</span> <span class='ocrx_word' id='word_1_12' title='bbox 1688 595 1737 660; x_wconf 92' lang='lat' dir='ltr'>VI</span> <span class='ocrx_word' id='word_1_13' title='bbox 1760 591 2045 664; x_wconf 65' lang='lat' dir='ltr'>massmannus</span> 
     </span>
     <span class='ocr_line' id='line_1_3' title="bbox 555 697 1602 790; baseline -0.004 -23"><span class='ocrx_word' id='word_1_14' title='bbox 555 701 595 768; x_wconf 88' lang='lat' dir='ltr'>L.</span> <span class='ocrx_word' id='word_1_15' title='bbox 617 702 713 768; x_wconf 84' lang='lat' dir='ltr'>Felix</span> <span class='ocrx_word' id='word_1_16' title='bbox 737 699 808 790; x_wconf 90' lang='grc' dir='ltr'><strong><em>[ΙΠ]</em></strong></span> <span class='ocrx_word' id='word_1_17' title='bbox 1329 697 1540 780; x_wconf 84' lang='lat' dir='ltr'>(nomentana</span> <span class='ocrx_word' id='word_1_18' title='bbox 1556 699 1602 784; x_wconf 91' lang='lat' dir='ltr'>P)</span> 
     </span>
     <span class='ocr_line' id='line_1_4' title="bbox 1344 800 1770 889; baseline -0.002 -21"><span class='ocrx_word' id='word_1_19' title='bbox 1344 801 1420 868; x_wconf 91' lang='lat' dir='ltr'>VII.</span> <span class='ocrx_word' id='word_1_20' title='bbox 1445 800 1492 889; x_wconf 88' lang='lat' dir='ltr'>(ui</span> <span class='ocrx_word' id='word_1_21' title='bbox 1508 803 1555 884; x_wconf 86' lang='grc' dir='ltr'>Ε)</span> <span class='ocrx_word' id='word_1_22' title='bbox 1578 801 1770 868; x_wconf 75' lang='lat' dir='ltr'><strong>Alexander</strong></span> 
     </span>
    </p>
   </div>
   <div class='ocr_carea' id='block_1_3' title="bbox 408 889 1810 1115">
    <p class='ocr_par' dir='ltr' id='par_1_3' title="bbox 408 889 1810 1115">
     <span class='ocr_line' id='line_1_5' title="bbox 408 889 1810 994; baseline 0.006 -37"><span class='ocrx_word' id='word_1_23' title='bbox 408 889 464 980; x_wconf 85' lang='grc' dir='ltr'>[Ε]</span> <span class='ocrx_word' id='word_1_24' title='bbox 488 893 530 957; x_wconf 88' lang='lat' dir='ltr'>ad</span> <span class='ocrx_word' id='word_1_25' title='bbox 554 898 699 958; x_wconf 77' lang='lat' dir='ltr'>sancum</span> <span class='ocrx_word' id='word_1_26' title='bbox 722 891 938 957; x_wconf 87' lang='lat' dir='ltr'>Laurencium</span> <span class='ocrx_word' id='word_1_27' title='bbox 1297 905 1424 972; x_wconf 80' lang='lat' dir='ltr'>XVIII,</span> <span class='ocrx_word' id='word_1_28' title='bbox 1449 907 1554 990; x_wconf 72' lang='lat' dir='ltr'>(xuiiii</span> <span class='ocrx_word' id='word_1_29' title='bbox 1569 905 1635 994; x_wconf 74' lang='lat' dir='ltr'>Es)</span> <span class='ocrx_word' id='word_1_30' title='bbox 1659 905 1810 972; x_wconf 78' lang='lat' dir='ltr'>Urbanus</span> 
     </span>
     <span class='ocr_line' id='line_1_6' title="bbox 470 994 1522 1115; baseline 0.005 -55"><span class='ocrx_word' id='word_1_31' title='bbox 470 995 593 1061; x_wconf 89' lang='lat' dir='ltr'>XLIH.</span> <span class='ocrx_word' id='word_1_32' title='bbox 617 997 764 1062; x_wconf 88' lang='lat' dir='ltr'>Zosimus</span> <span class='ocrx_word' id='word_1_33' title='bbox 787 994 988 1080; x_wconf 84' lang='lat' dir='ltr'>(aososomus</span> <span class='ocrx_word' id='word_1_34' title='bbox 1006 995 1054 1082; x_wconf 92' lang='lat' dir='ltr'>P)</span> <span class='ocrx_word' id='word_1_35' title='bbox 1240 1024 1290 1115; x_wconf 76' lang='lat' dir='ltr'>[L]</span> <span class='ocrx_word' id='word_1_36' title='bbox 1312 1027 1366 1091; x_wconf 53' lang='lat' dir='ltr'>„ia</span> <span class='ocrx_word' id='word_1_37' title='bbox 1389 1027 1522 1093; x_wconf 51' lang='lat' dir='ltr'>Aurelia</span> 
     </span>
    </p>
   </div>
   <div class='ocr_carea' id='block_1_4' title="bbox 438 1095 1769 1300">
    <p class='ocr_par' dir='ltr' id='par_1_4' title="bbox 438 1095 1769 1300">
     <span class='ocr_line' id='line_1_7' title="bbox 472 1095 1769 1220; baseline 0.02 -47"><span class='ocrx_word' id='word_1_38' title='bbox 472 1097 592 1164; x_wconf 73' lang='lat' dir='ltr'>XLVI.</span> <span class='ocrx_word' id='word_1_39' title='bbox 617 1099 738 1220; x_wconf 65' lang='lat' dir='ltr'>syxtus</span> <span class='ocrx_word' id='word_1_40' title='bbox 762 1100 878 1182; x_wconf 73' lang='lat' dir='ltr'>(sixtus</span> <span class='ocrx_word' id='word_1_41' title='bbox 894 1097 940 1182; x_wconf 84' lang='grc' dir='ltr'>Ρ)</span> <span class='ocrx_word' id='word_1_42' title='bbox 965 1095 1036 1186; x_wconf 83' lang='grc' dir='ltr'><strong><em>[ΠΙ]</em></strong></span> <span class='ocrx_word' id='word_1_43' title='bbox 1279 1129 1423 1196; x_wconf 82' lang='lat' dir='ltr'>xxvu.</span> <span class='ocrx_word' id='word_1_44' title='bbox 1446 1131 1527 1210; x_wconf 67' lang='lat' dir='ltr'>(run</span> <span class='ocrx_word' id='word_1_45' title='bbox 1541 1129 1592 1214; x_wconf 80' lang='lat' dir='ltr'>a)</span> <span class='ocrx_word' id='word_1_46' title='bbox 1614 1131 1710 1197; x_wconf 68' lang='lat' dir='ltr'>sorix</span> <span class='ocrx_word' id='word_1_47' title='bbox 1732 1128 1769 1220; x_wconf 75' lang='grc' dir='ltr'>[ι]</span> 
     </span>
     <span class='ocr_line' id='line_1_8' title="bbox 438 1201 1612 1300; baseline 0.026 -31"><span class='ocrx_word' id='word_1_48' title='bbox 438 1201 593 1268; x_wconf 81' lang='lat' dir='ltr'>XLVIII·</span> <span class='ocrx_word' id='word_1_49' title='bbox 617 1205 750 1269; x_wconf 69' lang='lat' dir='ltr'>Hllaruss</span> <span class='ocrx_word' id='word_1_50' title='bbox 1299 1233 1423 1299; x_wconf 82' lang='lat' dir='ltr'>XXVI.</span> <span class='ocrx_word' id='word_1_51' title='bbox 1447 1235 1612 1300; x_wconf 90' lang='lat' dir='ltr'>Dionisius</span> 
     </span>
    </p>
   </div>
   <div class='ocr_carea' id='block_1_5' title="bbox 409 1337 2014 1562">
    <p class='ocr_par' dir='ltr' id='par_1_5' title="bbox 409 1337 2014 1562">
     <span class='ocr_line' id='line_1_9' title="bbox 409 1337 1968 1482; baseline -0.018 -23"><span class='ocrx_word' id='word_1_52' title='bbox 409 1391 465 1482; x_wconf 78' lang='lat' dir='ltr'>[F]</span> <span class='ocrx_word' id='word_1_53' title='bbox 487 1393 521 1458; x_wconf 93' lang='lat' dir='ltr'>in</span> <span class='ocrx_word' id='word_1_54' title='bbox 544 1379 645 1478; x_wconf 78' lang='lat' dir='ltr'>0me</span> <span class='ocrx_word' id='word_1_55' title='bbox 667 1390 826 1478; x_wconf 89' lang='lat' dir='ltr'>Colopodi</span> <span class='ocrx_word' id='word_1_56' title='bbox 848 1392 903 1458; x_wconf 84' lang='lat' dir='ltr'>via</span> <span class='ocrx_word' id='word_1_57' title='bbox 925 1391 1059 1458; x_wconf 87' lang='lat' dir='ltr'>Aurelia</span> <span class='ocrx_word' id='word_1_58' title='bbox 1314 1337 1423 1402; x_wconf 71' lang='lat' dir='ltr'>XXI]</span> <span class='ocrx_word' id='word_1_59' title='bbox 1447 1337 1618 1474; x_wconf 41' lang='grc' dir='ltr'>Εοῗῃθὲω</span> <span class='ocrx_word' id='word_1_60' title='bbox 1781 1460 1788 1475; x_wconf 32' lang='grc' dir='ltr'><strong>ο</strong></span> <span class='ocrx_word' id='word_1_61' title='bbox 1961 1456 1968 1470; x_wconf 43' lang='grc'><em>·</em></span> 
     </span>
     <span class='ocr_line' id='line_1_10' title="bbox 484 1455 2014 1562; baseline -0.02 -14"><span class='ocrx_word' id='word_1_62' title='bbox 484 1495 596 1562; x_wconf 69' lang='lat' dir='ltr'>XVII,</span> <span class='ocrx_word' id='word_1_63' title='bbox 620 1497 760 1562; x_wconf 58' lang='lat' dir='ltr'>0211ng</span> <span class='ocrx_word' id='word_1_64' title='bbox 1242 1455 1308 1546; x_wconf 90' lang='grc' dir='ltr'>[Μ]</span> <span class='ocrx_word' id='word_1_65' title='bbox 1330 1479 1363 1524; x_wconf 87' lang='grc' dir='ltr'>ιιι</span> <span class='ocrx_word' id='word_1_66' title='bbox 1387 1467 1475 1525; x_wconf 88' lang='lat' dir='ltr'>crmrt</span> <span class='ocrx_word' id='word_1_67' title='bbox 1497 1461 1583 1547; x_wconf 82' lang='lat' dir='ltr'>(aym</span> <span class='ocrx_word' id='word_1_68' title='bbox 1602 1458 1654 1547; x_wconf 84' lang='lat' dir='ltr'>E)</span> <span class='ocrx_word' id='word_1_69' title='bbox 1677 1481 1735 1526; x_wconf 90' lang='lat' dir='ltr'>suo</span> <span class='ocrx_word' id='word_1_70' title='bbox 1758 1481 1811 1525; x_wconf 80' lang='lat' dir='ltr'>rra</span> <span class='ocrx_word' id='word_1_71' title='bbox 1834 1456 2014 1524; x_wconf 81' lang='lat' dir='ltr'>Ardeatum</span> 
     </span>
    </p>
   </div>
   <div class='ocr_carea' id='block_1_6' title="bbox 435 1545 1576 1734">
    <p class='ocr_par' dir='ltr' id='par_1_6' title="bbox 435 1545 1576 1734">
     <span class='ocr_line' id='line_1_11' title="bbox 435 1545 1576 1734; baseline -0.008 -69"><span class='ocrx_word' id='word_1_72' title='bbox 435 1599 594 1666; x_wconf 78' lang='lat' dir='ltr'>xxxvl.</span> <span class='ocrx_word' id='word_1_73' title='bbox 620 1599 714 1686; x_wconf 67' lang='lat' dir='ltr'>(un</span> <span class='ocrx_word' id='word_1_74' title='bbox 738 1599 874 1664; x_wconf 69' lang='lat' dir='ltr'>Rosea</span> <span class='ocrx_word' id='word_1_75' title='bbox 895 1545 1095 1686; x_wconf 71' lang='lat' dir='ltr'>os.)1u1ius</span> <span class='ocrx_word' id='word_1_76' title='bbox 1284 1562 1576 1734; x_wconf 52' lang='lat' dir='ltr'>Xgssfflm</span> 
     </span>
    </p>
   </div>
   <div class='ocr_carea' id='block_1_7' title="bbox 411 1775 2071 2118">
    <p class='ocr_par' dir='ltr' id='par_1_7' title="bbox 411 1775 2071 2118">
     <span class='ocr_line' id='line_1_12' title="bbox 411 1775 1953 1878; baseline -0.003 -22"><span class='ocrx_word' id='word_1_77' title='bbox 411 1787 464 1878; x_wconf 78' lang='lat' dir='ltr'>[G]</span> <span class='ocrx_word' id='word_1_78' title='bbox 490 1790 532 1856; x_wconf 87' lang='lat' dir='ltr'>ad</span> <span class='ocrx_word' id='word_1_79' title='bbox 556 1794 699 1856; x_wconf 77' lang='lat' dir='ltr'><strong>sanctam</strong></span> <span class='ocrx_word' id='word_1_80' title='bbox 723 1788 929 1854; x_wconf 75' lang='lat' dir='ltr'>Felicitatem</span> <span class='ocrx_word' id='word_1_81' title='bbox 952 1789 1005 1854; x_wconf 83' lang='lat' dir='ltr'>via</span> <span class='ocrx_word' id='word_1_82' title='bbox 1029 1788 1155 1854; x_wconf 82' lang='lat' dir='ltr'>Salaria</span> <span class='ocrx_word' id='word_1_83' title='bbox 1242 1785 1299 1875; x_wconf 90' lang='grc' dir='ltr'>[Ν]</span> <span class='ocrx_word' id='word_1_84' title='bbox 1322 1789 1354 1853; x_wconf 86' lang='grc' dir='ltr'>ἰιι</span> <span class='ocrx_word' id='word_1_85' title='bbox 1378 1775 1467 1854; x_wconf 68' lang='lat' dir='ltr'>cimX</span> <span class='ocrx_word' id='word_1_86' title='bbox 1488 1777 1575 1876; x_wconf 71' lang='lat' dir='ltr'>(sym</span> <span class='ocrx_word' id='word_1_87' title='bbox 1592 1789 1640 1875; x_wconf 90' lang='grc' dir='ltr'>Ε)</span> <span class='ocrx_word' id='word_1_88' title='bbox 1665 1812 1722 1855; x_wconf 93' lang='lat' dir='ltr'>suo</span> <span class='ocrx_word' id='word_1_89' title='bbox 1744 1789 1798 1854; x_wconf 80' lang='lat' dir='ltr'>ria</span> <span class='ocrx_word' id='word_1_90' title='bbox 1819 1788 1953 1853; x_wconf 90' lang='lat' dir='ltr'>Portum</span> 
     </span>
     <span class='ocr_line' id='line_1_13' title="bbox 420 1891 1670 1984; baseline -0.002 -24"><span class='ocrx_word' id='word_1_91' title='bbox 420 1895 595 1960; x_wconf 87' lang='lat' dir='ltr'>XXXVII.</span> <span class='ocrx_word' id='word_1_92' title='bbox 617 1894 767 1959; x_wconf 88' lang='lat' dir='ltr'>Liberius</span> <span class='ocrx_word' id='word_1_93' title='bbox 1282 1891 1475 1958; x_wconf 88' lang='lat' dir='ltr'>XXXVIII.</span> <span class='ocrx_word' id='word_1_94' title='bbox 1497 1893 1593 1959; x_wconf 80' lang='lat' dir='ltr'>Felix</span> <span class='ocrx_word' id='word_1_95' title='bbox 1617 1893 1670 1984; x_wconf 91' lang='grc' dir='ltr'><strong><em>[ΙΙ]</em></strong></span> 
     </span>
     <span class='ocr_line' id='line_1_14' title="bbox 476 1993 2071 2118; baseline 0.004 -35"><span class='ocrx_word' id='word_1_96' title='bbox 476 1999 599 2064; x_wconf 79' lang='lat' dir='ltr'>xnru.</span> <span class='ocrx_word' id='word_1_97' title='bbox 621 1998 803 2064; x_wconf 76' lang='lat' dir='ltr'>Bonifatius</span> <span class='ocrx_word' id='word_1_98' title='bbox 827 1995 960 2084; x_wconf 66' lang='lat' dir='ltr'>(lacius</span> <span class='ocrx_word' id='word_1_99' title='bbox 975 1993 1023 2082; x_wconf 87' lang='grc' dir='ltr'>Ρ)</span> <span class='ocrx_word' id='word_1_100' title='bbox 1048 1993 1085 2084; x_wconf 82' lang='lat' dir='ltr'>lll</span> <span class='ocrx_word' id='word_1_101' title='bbox 1243 2025 1291 2117; x_wconf 83' lang='grc' dir='ltr'>[ο]</span> <span class='ocrx_word' id='word_1_102' title='bbox 1314 2017 1607 2118; x_wconf 67' lang='lat' dir='ltr'>normnpyffin)</span> <span class='ocrx_word' id='word_1_103' title='bbox 1625 2053 1683 2097; x_wconf 74' lang='lat' dir='ltr'>suo</span> <span class='ocrx_word' id='word_1_104' title='bbox 1700 2032 1752 2096; x_wconf 73' lang='lat' dir='ltr'>va</span> <span class='ocrx_word' id='word_1_105' title='bbox 1770 2030 1858 2095; x_wconf 64' lang='lat' dir='ltr'>ntes</span> <span class='ocrx_word' id='word_1_106' title='bbox 1878 2029 1937 2110; x_wconf 68' lang='lat' dir='ltr'>(ec</span> <span class='ocrx_word' id='word_1_107' title='bbox 1948 2027 1993 2108; x_wconf 81' lang='lat' dir='ltr'>n,</span> <span class='ocrx_word' id='word_1_108' title='bbox 2016 2047 2071 2090; x_wconf 74' lang='lat' dir='ltr'>ar-</span> 
     </span>
    </p>
   </div>
   <div class='ocr_carea' id='block_1_8' title="bbox 411 2133 1937 2376">
    <p class='ocr_par' dir='ltr' id='par_1_8' title="bbox 411 2133 1937 2376">
     <span class='ocr_line' id='line_1_15' title="bbox 692 2133 1486 2218; baseline 0.019 -34"><span class='ocrx_word' id='word_1_109' title='bbox 692 2187 698 2200; x_wconf 72' lang='grc'><strong>,</strong></span> <span class='ocrx_word' id='word_1_110' title='bbox 1328 2133 1425 2198; x_wconf 84' lang='lat' dir='ltr'>desta</span> <span class='ocrx_word' id='word_1_111' title='bbox 1441 2135 1486 2218; x_wconf 86' lang='lat' dir='ltr'>P)</span> 
     </span>
     <span class='ocr_line' id='line_1_16' title="bbox 411 2183 1937 2356; baseline 0.013 -73"><span class='ocrx_word' id='word_1_112' title='bbox 411 2183 471 2274; x_wconf 78' lang='lat' dir='ltr'>[HI</span> <span class='ocrx_word' id='word_1_113' title='bbox 495 2184 647 2356; x_wconf 44' lang='lat' dir='ltr'><strong>³231me</strong></span> <span class='ocrx_word' id='word_1_114' title='bbox 667 2187 791 2305; x_wconf 42' lang='lat' dir='ltr'>Wlfflin</span> <span class='ocrx_word' id='word_1_115' title='bbox 813 2189 940 2272; x_wconf 59' lang='lat' dir='ltr'>Imm</span> <span class='ocrx_word' id='word_1_116' title='bbox 1265 2235 1476 2304; x_wconf 88' lang='lat' dir='ltr'>XXXVIIII.</span> <span class='ocrx_word' id='word_1_117' title='bbox 1499 2239 1662 2304; x_wconf 88' lang='lat' dir='ltr'>Damasus</span> <span class='ocrx_word' id='word_1_118' title='bbox 1685 2238 1867 2324; x_wconf 88' lang='lat' dir='ltr'>(damassus</span> <span class='ocrx_word' id='word_1_119' title='bbox 1883 2235 1937 2322; x_wconf 85' lang='grc' dir='ltr'>Ε)</span> 
     </span>
     <span class='ocr_line' id='line_1_17' title="bbox 588 2285 868 2376; baseline 0.004 -22"><span class='ocrx_word' id='word_1_120' title='bbox 588 2340 594 2354; x_wconf 96' lang='grc'><strong>.</strong></span> <span class='ocrx_word' id='word_1_121' title='bbox 651 2295 809 2354; x_wconf 86' lang='lat' dir='ltr'>nastasrus</span> <span class='ocrx_word' id='word_1_122' title='bbox 832 2285 868 2376; x_wconf 93' lang='grc' dir='ltr'>[Ι]</span> 
     </span>
    </p>
   </div>
   <div class='ocr_carea' id='block_1_9' title="bbox 489 2353 1606 2529">
    <p class='ocr_par' dir='ltr' id='par_1_9' title="bbox 489 2353 1606 2529">
     <span class='ocr_line' id='line_1_18' title="bbox 489 2353 1564 2480; baseline -0.027 -18"><span class='ocrx_word' id='word_1_123' title='bbox 489 2396 595 2462; x_wconf 87' lang='lat' dir='ltr'>XLII.</span> <span class='ocrx_word' id='word_1_124' title='bbox 618 2393 826 2459; x_wconf 80' lang='lat' dir='ltr'>Innocentius</span> <span class='ocrx_word' id='word_1_125' title='bbox 850 2389 886 2480; x_wconf 92' lang='grc' dir='ltr'>[Ι]</span> <span class='ocrx_word' id='word_1_126' title='bbox 1243 2353 1298 2444; x_wconf 79' lang='grc' dir='ltr'>[Ρ]</span> <span class='ocrx_word' id='word_1_127' title='bbox 1322 2359 1354 2423; x_wconf 75' lang='lat' dir='ltr'>Vl</span> <span class='ocrx_word' id='word_1_128' title='bbox 1378 2358 1509 2480; x_wconf 65' lang='lat' dir='ltr'>P⁰¹lfift⁸</span> <span class='ocrx_word' id='word_1_129' title='bbox 1557 2463 1564 2478; x_wconf 42' lang='lat'><strong>·</strong></span> 
     </span>
     <span class='ocr_line' id='line_1_19' title="bbox 1355 2462 1606 2529; baseline 0 -1"><span class='ocrx_word' id='word_1_130' title='bbox 1355 2462 1426 2527; x_wconf 86' lang='lat' dir='ltr'>LX.</span> <span class='ocrx_word' id='word_1_131' title='bbox 1450 2463 1606 2529; x_wconf 83' lang='lat' dir='ltr'>Srlverrue</span> 
     </span>
    </p>
   </div>
   <div class='ocr_carea' id='block_1_10' title="bbox 412 2579 1710 2776">
    <p class='ocr_par' dir='ltr' id='par_1_10' title="bbox 412 2579 1710 2776">
     <span class='ocr_line' id='line_1_20' title="bbox 412 2579 1538 2673; baseline -0.001 -23"><span class='ocrx_word' id='word_1_132' title='bbox 412 2583 457 2673; x_wconf 92' lang='grc' dir='ltr'>[Ι]</span> <span class='ocrx_word' id='word_1_133' title='bbox 481 2585 513 2649; x_wconf 93' lang='lat' dir='ltr'>in</span> <span class='ocrx_word' id='word_1_134' title='bbox 537 2584 637 2647; x_wconf 88' lang='lat' dir='ltr'>Portu</span> <span class='ocrx_word' id='word_1_135' title='bbox 661 2582 775 2671; x_wconf 82' lang='lat' dir='ltr'>(pontu</span> <span class='ocrx_word' id='word_1_136' title='bbox 791 2581 842 2664; x_wconf 87' lang='grc' dir='ltr'>Ε)</span> <span class='ocrx_word' id='word_1_137' title='bbox 865 2583 898 2647; x_wconf 95' lang='lat' dir='ltr'>in</span> <span class='ocrx_word' id='word_1_138' title='bbox 920 2582 1002 2646; x_wconf 88' lang='lat' dir='ltr'>mari</span> <span class='ocrx_word' id='word_1_139' title='bbox 1243 2579 1291 2671; x_wconf 77' lang='lat' dir='ltr'>[Q]</span> <span class='ocrx_word' id='word_1_140' title='bbox 1315 2585 1348 2649; x_wconf 93' lang='lat' dir='ltr'>in</span> <span class='ocrx_word' id='word_1_141' title='bbox 1370 2584 1538 2649; x_wconf 90' lang='lat' dir='ltr'>Aosrsona</span> 
     </span>
     <span class='ocr_line' id='line_1_21' title="bbox 519 2681 1710 2776; baseline 0 -24"><span class='ocrx_word' id='word_1_142' title='bbox 519 2687 597 2752; x_wconf 90' lang='lat' dir='ltr'>IIII.</span> <span class='ocrx_word' id='word_1_143' title='bbox 622 2685 774 2751; x_wconf 78' lang='lat' dir='ltr'>Clemens</span> <span class='ocrx_word' id='word_1_144' title='bbox 798 2681 834 2774; x_wconf 92' lang='grc' dir='ltr'>[Ι]</span> <span class='ocrx_word' id='word_1_145' title='bbox 1297 2685 1468 2752; x_wconf 85' lang='lat' dir='ltr'>LXXVII.</span> <span class='ocrx_word' id='word_1_146' title='bbox 1493 2687 1651 2753; x_wconf 80' lang='lat' dir='ltr'>Martinus</span> <span class='ocrx_word' id='word_1_147' title='bbox 1674 2684 1710 2776; x_wconf 92' lang='grc' dir='ltr'>[Ι]</span> 
     </span>
    </p>
   </div>
   <div class='ocr_carea' id='block_1_11' title="bbox 520 2856 1857 2948">
    <p class='ocr_par' dir='ltr' id='par_1_11' title="bbox 520 2856 1857 2948">
     <span class='ocr_line' id='line_1_22' title="bbox 520 2856 1857 2948; baseline -0.001 -24"><span class='ocrx_word' id='word_1_148' title='bbox 520 2859 709 2945; x_wconf 84' lang='lat' dir='ltr'>Sequuntur</span> <span class='ocrx_word' id='word_1_149' title='bbox 729 2857 793 2923; x_wconf 89' lang='lat' dir='ltr'>loci</span> <span class='ocrx_word' id='word_1_150' title='bbox 817 2856 1055 2944; x_wconf 87' lang='lat' dir='ltr'>depositionum</span> <span class='ocrx_word' id='word_1_151' title='bbox 1078 2860 1304 2948; x_wconf 88' lang='lat' dir='ltr'>episcoporum</span> <span class='ocrx_word' id='word_1_152' title='bbox 1327 2861 1474 2948; x_wconf 88' lang='lat' dir='ltr'>excerpti</span> <span class='ocrx_word' id='word_1_153' title='bbox 1497 2881 1540 2926; x_wconf 89' lang='lat' dir='ltr'>ex</span> <span class='ocrx_word' id='word_1_154' title='bbox 1562 2861 1645 2927; x_wconf 90' lang='lat' dir='ltr'>libro</span> <span class='ocrx_word' id='word_1_155' title='bbox 1668 2859 1857 2926; x_wconf 87' lang='lat' dir='ltr'>Pontifioali.</span> 
     </span>
    </p>
   </div>
   <div class='ocr_carea' id='block_1_12' title="bbox 458 2979 2076 5769">
    <p class='ocr_par' dir='ltr' id='par_1_12' title="bbox 458 2979 2076 5769">
     <span class='ocr_line' id='line_1_23' title="bbox 573 2979 2073 3068; baseline -0.001 -23"><span class='ocrx_word' id='word_1_156' title='bbox 573 2980 600 3046; x_wconf 91' lang='lat' dir='ltr'>l.</span> <span class='ocrx_word' id='word_1_157' title='bbox 623 2980 755 3045; x_wconf 89' lang='lat' dir='ltr'>Petrus:</span> <span class='ocrx_word' id='word_1_158' title='bbox 779 2980 833 3043; x_wconf 83' lang='lat' dir='ltr'>vis</span> <span class='ocrx_word' id='word_1_159' title='bbox 847 2979 980 3044; x_wconf 89' lang='lat' dir='ltr'>Aurelia</span> <span class='ocrx_word' id='word_1_160' title='bbox 1002 2980 1035 3044; x_wconf 93' lang='lat' dir='ltr'>in</span> <span class='ocrx_word' id='word_1_161' title='bbox 1050 2981 1208 3067; x_wconf 87' lang='lat' dir='ltr'>templum</span> <span class='ocrx_word' id='word_1_162' title='bbox 1219 2980 1380 3068; x_wconf 81' lang='lat' dir='ltr'>Apollinis</span> <span class='ocrx_word' id='word_1_163' title='bbox 1403 2981 1495 3046; x_wconf 89' lang='lat' dir='ltr'>iuxta</span> <span class='ocrx_word' id='word_1_164' title='bbox 1516 2983 1624 3047; x_wconf 90' lang='lat' dir='ltr'>locum</span> <span class='ocrx_word' id='word_1_165' title='bbox 1646 2981 1703 3046; x_wconf 90' lang='lat' dir='ltr'>ubi</span> <span class='ocrx_word' id='word_1_166' title='bbox 1723 2980 1893 3046; x_wconf 85' lang='lat' dir='ltr'>crucifixus</span> <span class='ocrx_word' id='word_1_167' title='bbox 1916 2986 1966 3046; x_wconf 86' lang='lat' dir='ltr'>est</span> <span class='ocrx_word' id='word_1_168' title='bbox 1979 2980 2073 3044; x_wconf 90' lang='lat' dir='ltr'>iuxta</span> 
     </span>
     <span class='ocr_line' id='line_1_24' title="bbox 620 3083 1850 3172; baseline 0 -24"><span class='ocrx_word' id='word_1_169' title='bbox 620 3084 779 3172; x_wconf 89' lang='lat' dir='ltr'>palatium</span> <span class='ocrx_word' id='word_1_170' title='bbox 804 3083 1025 3150; x_wconf 88' lang='lat' dir='ltr'>Neronianum</span> <span class='ocrx_word' id='word_1_171' title='bbox 1047 3085 1080 3149; x_wconf 94' lang='lat' dir='ltr'>in</span> <span class='ocrx_word' id='word_1_172' title='bbox 1096 3085 1255 3151; x_wconf 88' lang='lat' dir='ltr'>Vaticano</span> <span class='ocrx_word' id='word_1_173' title='bbox 1279 3087 1371 3152; x_wconf 86' lang='lat' dir='ltr'>iuxta</span> <span class='ocrx_word' id='word_1_174' title='bbox 1393 3087 1589 3152; x_wconf 83' lang='lat' dir='ltr'>territorium</span> <span class='ocrx_word' id='word_1_175' title='bbox 1612 3085 1850 3172; x_wconf 89' lang='lat' dir='ltr'>triumphalem.</span> 
     </span>
     <span class='ocr_line' id='line_1_25' title="bbox 552 3187 1457 3274; baseline 0.004 -23"><span class='ocrx_word' id='word_1_176' title='bbox 552 3189 595 3252; x_wconf 92' lang='grc' dir='ltr'>ΙΙ.</span> <span class='ocrx_word' id='word_1_177' title='bbox 620 3187 737 3252; x_wconf 85' lang='lat' dir='ltr'>Linus:</span> <span class='ocrx_word' id='word_1_178' title='bbox 760 3189 852 3254; x_wconf 88' lang='lat' dir='ltr'>iuxta</span> <span class='ocrx_word' id='word_1_179' title='bbox 876 3209 992 3274; x_wconf 86' lang='lat' dir='ltr'>corpus</span> <span class='ocrx_word' id='word_1_180' title='bbox 1015 3189 1104 3256; x_wconf 87' lang='lat' dir='ltr'>beati</span> <span class='ocrx_word' id='word_1_181' title='bbox 1125 3189 1216 3255; x_wconf 90' lang='lat' dir='ltr'>Petri</span> <span class='ocrx_word' id='word_1_182' title='bbox 1239 3191 1272 3255; x_wconf 95' lang='lat' dir='ltr'>in</span> <span class='ocrx_word' id='word_1_183' title='bbox 1288 3191 1457 3258; x_wconf 88' lang='lat' dir='ltr'>Vaticano.</span> 
     </span>
     <span class='ocr_line' id='line_1_26' title="bbox 534 3292 1761 3379; baseline 0 -20"><span class='ocrx_word' id='word_1_184' title='bbox 534 3292 595 3359; x_wconf 94' lang='lat' dir='ltr'>III.</span> <span class='ocrx_word' id='word_1_185' title='bbox 621 3292 747 3358; x_wconf 89' lang='lat' dir='ltr'>Clstus:</span> <span class='ocrx_word' id='word_1_186' title='bbox 771 3293 865 3358; x_wconf 87' lang='lat' dir='ltr'>iuxta</span> <span class='ocrx_word' id='word_1_187' title='bbox 886 3314 1002 3379; x_wconf 90' lang='lat' dir='ltr'>eorpus</span> <span class='ocrx_word' id='word_1_188' title='bbox 1026 3293 1072 3377; x_wconf 93' lang='lat' dir='ltr'>(in</span> <span class='ocrx_word' id='word_1_189' title='bbox 1094 3293 1229 3358; x_wconf 79' lang='lat' dir='ltr'>besilius</span> <span class='ocrx_word' id='word_1_190' title='bbox 1243 3295 1296 3377; x_wconf 88' lang='grc' dir='ltr'>Κ]</span> <span class='ocrx_word' id='word_1_191' title='bbox 1319 3296 1410 3362; x_wconf 90' lang='lat' dir='ltr'>beati</span> <span class='ocrx_word' id='word_1_192' title='bbox 1433 3295 1521 3362; x_wconf 86' lang='lat' dir='ltr'>Petri</span> <span class='ocrx_word' id='word_1_193' title='bbox 1542 3295 1576 3360; x_wconf 92' lang='lat' dir='ltr'>in</span> <span class='ocrx_word' id='word_1_194' title='bbox 1591 3294 1761 3361; x_wconf 87' lang='lat' dir='ltr'>Vaticano.</span> 
     </span>
     <span class='ocr_line' id='line_1_27' title="bbox 536 3394 1010 3464; baseline 0.004 -4"><span class='ocrx_word' id='word_1_195' title='bbox 536 3397 595 3464; x_wconf 89' lang='lat' dir='ltr'>IV.</span> <span class='ocrx_word' id='word_1_196' title='bbox 620 3394 788 3462; x_wconf 90' lang='lat' dir='ltr'>Clemens:</span> <span class='ocrx_word' id='word_1_197' title='bbox 812 3398 845 3462; x_wconf 94' lang='lat' dir='ltr'>in</span> <span class='ocrx_word' id='word_1_198' title='bbox 867 3397 1010 3464; x_wconf 81' lang='lat' dir='ltr'>Grecias.</span> 
     </span>
     <span class='ocr_line' id='line_1_28' title="bbox 555 3499 1307 3588; baseline 0.004 -25"><span class='ocrx_word' id='word_1_199' title='bbox 555 3499 598 3566; x_wconf 94' lang='lat' dir='ltr'>V.</span> <span class='ocrx_word' id='word_1_200' title='bbox 620 3499 813 3566; x_wconf 88' lang='lat' dir='ltr'>Anecletue:</span> <span class='ocrx_word' id='word_1_201' title='bbox 838 3502 929 3567; x_wconf 89' lang='lat' dir='ltr'>iuxta</span> <span class='ocrx_word' id='word_1_202' title='bbox 952 3522 1070 3588; x_wconf 88' lang='lat' dir='ltr'>corpus</span> <span class='ocrx_word' id='word_1_203' title='bbox 1092 3502 1182 3568; x_wconf 87' lang='lat' dir='ltr'>beati</span> <span class='ocrx_word' id='word_1_204' title='bbox 1205 3502 1307 3568; x_wconf 93' lang='lat' dir='ltr'>Petri.</span> 
     </span>
     <span class='ocr_line' id='line_1_29' title="bbox 539 3603 1528 3692; baseline 0.008 -26"><span class='ocrx_word' id='word_1_205' title='bbox 539 3605 596 3668; x_wconf 92' lang='lat' dir='ltr'>VI.</span> <span class='ocrx_word' id='word_1_206' title='bbox 621 3603 804 3670; x_wconf 84' lang='lat' dir='ltr'>Euaristns:</span> <span class='ocrx_word' id='word_1_207' title='bbox 829 3606 920 3670; x_wconf 90' lang='lat' dir='ltr'>iuxta</span> <span class='ocrx_word' id='word_1_208' title='bbox 944 3626 1059 3692; x_wconf 87' lang='lat' dir='ltr'>corpus</span> <span class='ocrx_word' id='word_1_209' title='bbox 1082 3605 1172 3671; x_wconf 89' lang='lat' dir='ltr'>beati</span> <span class='ocrx_word' id='word_1_210' title='bbox 1198 3607 1288 3672; x_wconf 92' lang='lat' dir='ltr'>Petri</span> <span class='ocrx_word' id='word_1_211' title='bbox 1310 3607 1343 3672; x_wconf 91' lang='lat' dir='ltr'>in</span> <span class='ocrx_word' id='word_1_212' title='bbox 1358 3607 1528 3674; x_wconf 87' lang='lat' dir='ltr'>Vaticano.</span> 
     </span>
     <span class='ocr_line' id='line_1_30' title="bbox 521 3705 1968 3778; baseline -0.001 -6"><span class='ocrx_word' id='word_1_213' title='bbox 521 3709 595 3773; x_wconf 90' lang='lat' dir='ltr'>VH.</span> <span class='ocrx_word' id='word_1_214' title='bbox 622 3707 826 3774; x_wconf 81' lang='lat' dir='ltr'>Alexander:</span> <span class='ocrx_word' id='word_1_215' title='bbox 851 3710 903 3774; x_wconf 85' lang='lat' dir='ltr'>via</span> <span class='ocrx_word' id='word_1_216' title='bbox 925 3709 1132 3775; x_wconf 86' lang='lat' dir='ltr'>Nomentana</span> <span class='ocrx_word' id='word_1_217' title='bbox 1155 3711 1210 3776; x_wconf 90' lang='lat' dir='ltr'>ubi</span> <span class='ocrx_word' id='word_1_218' title='bbox 1233 3711 1412 3778; x_wconf 82' lang='lat' dir='ltr'>decollatus</span> <span class='ocrx_word' id='word_1_219' title='bbox 1435 3719 1485 3777; x_wconf 90' lang='lat' dir='ltr'>est</span> <span class='ocrx_word' id='word_1_220' title='bbox 1509 3713 1550 3777; x_wconf 88' lang='lat' dir='ltr'>sb</span> <span class='ocrx_word' id='word_1_221' title='bbox 1574 3712 1655 3777; x_wconf 91' lang='lat' dir='ltr'>urbs</span> <span class='ocrx_word' id='word_1_222' title='bbox 1679 3711 1787 3775; x_wconf 87' lang='lat' dir='ltr'>Roma</span> <span class='ocrx_word' id='word_1_223' title='bbox 1808 3707 1877 3774; x_wconf 92' lang='lat' dir='ltr'>mil.</span> <span class='ocrx_word' id='word_1_224' title='bbox 1895 3705 1968 3770; x_wconf 89' lang='lat' dir='ltr'>VH.</span> 
     </span>
     <span class='ocr_line' id='line_1_31' title="bbox 507 3812 1521 3899; baseline 0.006 -23"><span class='ocrx_word' id='word_1_225' title='bbox 507 3813 599 3876; x_wconf 91' lang='lat' dir='ltr'>VIII.</span> <span class='ocrx_word' id='word_1_226' title='bbox 623 3812 747 3897; x_wconf 83' lang='lat' dir='ltr'>Xystus</span> <span class='ocrx_word' id='word_1_227' title='bbox 769 3813 800 3877; x_wconf 92' lang='lat' dir='ltr'>I:</span> <span class='ocrx_word' id='word_1_228' title='bbox 825 3814 916 3878; x_wconf 91' lang='lat' dir='ltr'>iuxta</span> <span class='ocrx_word' id='word_1_229' title='bbox 938 3833 1054 3899; x_wconf 89' lang='lat' dir='ltr'>eorpus</span> <span class='ocrx_word' id='word_1_230' title='bbox 1076 3813 1165 3878; x_wconf 86' lang='lat' dir='ltr'>beati</span> <span class='ocrx_word' id='word_1_231' title='bbox 1190 3813 1279 3880; x_wconf 89' lang='lat' dir='ltr'>Petri</span> <span class='ocrx_word' id='word_1_232' title='bbox 1302 3815 1335 3880; x_wconf 91' lang='lat' dir='ltr'>in</span> <span class='ocrx_word' id='word_1_233' title='bbox 1349 3815 1521 3882; x_wconf 88' lang='lat' dir='ltr'>Vaticano.</span> 
     </span>
     <span class='ocr_line' id='line_1_32' title="bbox 541 3915 1544 4003; baseline 0.005 -24"><span class='ocrx_word' id='word_1_234' title='bbox 541 3915 600 3980; x_wconf 89' lang='lat' dir='ltr'>IX.</span> <span class='ocrx_word' id='word_1_235' title='bbox 625 3915 821 4003; x_wconf 84' lang='lat' dir='ltr'>Telesphor:</span> <span class='ocrx_word' id='word_1_236' title='bbox 846 3917 937 3982; x_wconf 88' lang='lat' dir='ltr'>iuxta</span> <span class='ocrx_word' id='word_1_237' title='bbox 961 3937 1076 4003; x_wconf 90' lang='lat' dir='ltr'>corpus</span> <span class='ocrx_word' id='word_1_238' title='bbox 1099 3917 1188 3983; x_wconf 88' lang='lat' dir='ltr'>beati</span> <span class='ocrx_word' id='word_1_239' title='bbox 1211 3918 1302 3983; x_wconf 90' lang='lat' dir='ltr'>Petri</span> <span class='ocrx_word' id='word_1_240' title='bbox 1324 3917 1357 3982; x_wconf 93' lang='lat' dir='ltr'>in</span> <span class='ocrx_word' id='word_1_241' title='bbox 1372 3917 1544 3984; x_wconf 88' lang='lat' dir='ltr'>Vaticano.</span> 
     </span>
     <span class='ocr_line' id='line_1_33' title="bbox 557 4018 1510 4107; baseline 0.004 -23"><span class='ocrx_word' id='word_1_242' title='bbox 557 4018 598 4084; x_wconf 92' lang='lat' dir='ltr'>X.</span> <span class='ocrx_word' id='word_1_243' title='bbox 622 4019 787 4107; x_wconf 81' lang='lat' dir='ltr'>Hyginus:</span> <span class='ocrx_word' id='word_1_244' title='bbox 811 4021 904 4085; x_wconf 88' lang='lat' dir='ltr'>iuxta</span> <span class='ocrx_word' id='word_1_245' title='bbox 926 4041 1042 4106; x_wconf 89' lang='lat' dir='ltr'>corpus</span> <span class='ocrx_word' id='word_1_246' title='bbox 1064 4021 1155 4087; x_wconf 90' lang='lat' dir='ltr'>beati</span> <span class='ocrx_word' id='word_1_247' title='bbox 1176 4021 1268 4087; x_wconf 89' lang='lat' dir='ltr'>Petri</span> <span class='ocrx_word' id='word_1_248' title='bbox 1290 4022 1323 4086; x_wconf 94' lang='lat' dir='ltr'>in</span> <span class='ocrx_word' id='word_1_249' title='bbox 1338 4021 1510 4088; x_wconf 88' lang='lat' dir='ltr'>Vaticano.</span> 
     </span>
     <span class='ocr_line' id='line_1_34' title="bbox 541 4123 1440 4210; baseline 0.002 -22"><span class='ocrx_word' id='word_1_250' title='bbox 541 4123 600 4188; x_wconf 89' lang='lat' dir='ltr'>XI.</span> <span class='ocrx_word' id='word_1_251' title='bbox 625 4124 718 4187; x_wconf 90' lang='lat' dir='ltr'>Pius:</span> <span class='ocrx_word' id='word_1_252' title='bbox 741 4124 834 4188; x_wconf 88' lang='lat' dir='ltr'>iuxta</span> <span class='ocrx_word' id='word_1_253' title='bbox 857 4145 973 4210; x_wconf 88' lang='lat' dir='ltr'>eorpus</span> <span class='ocrx_word' id='word_1_254' title='bbox 995 4124 1086 4190; x_wconf 88' lang='lat' dir='ltr'>beati</span> <span class='ocrx_word' id='word_1_255' title='bbox 1108 4124 1199 4191; x_wconf 90' lang='lat' dir='ltr'>Petri</span> <span class='ocrx_word' id='word_1_256' title='bbox 1221 4127 1254 4190; x_wconf 94' lang='lat' dir='ltr'>in</span> <span class='ocrx_word' id='word_1_257' title='bbox 1269 4125 1440 4190; x_wconf 90' lang='lat' dir='ltr'>Vaticano.</span> 
     </span>
     <span class='ocr_line' id='line_1_35' title="bbox 523 4223 2051 4315; baseline -0.003 -23"><span class='ocrx_word' id='word_1_258' title='bbox 523 4225 600 4292; x_wconf 90' lang='lat' dir='ltr'>XII.</span> <span class='ocrx_word' id='word_1_259' title='bbox 625 4226 797 4292; x_wconf 80' lang='lat' dir='ltr'>Anicetus:</span> <span class='ocrx_word' id='word_1_260' title='bbox 823 4229 913 4293; x_wconf 90' lang='lat' dir='ltr'>iuxta</span> <span class='ocrx_word' id='word_1_261' title='bbox 936 4248 1052 4315; x_wconf 90' lang='lat' dir='ltr'>corpus</span> <span class='ocrx_word' id='word_1_262' title='bbox 1075 4229 1166 4294; x_wconf 89' lang='lat' dir='ltr'>beati</span> <span class='ocrx_word' id='word_1_263' title='bbox 1188 4229 1279 4294; x_wconf 89' lang='lat' dir='ltr'>Petri</span> <span class='ocrx_word' id='word_1_264' title='bbox 1300 4229 1333 4293; x_wconf 93' lang='lat' dir='ltr'>in</span> <span class='ocrx_word' id='word_1_265' title='bbox 1349 4229 1510 4293; x_wconf 87' lang='lat' dir='ltr'>Vaticano</span> <span class='ocrx_word' id='word_1_266' title='bbox 1525 4228 1603 4308; x_wconf 84' lang='lat' dir='ltr'>FK,</span> <span class='ocrx_word' id='word_1_267' title='bbox 1626 4228 1658 4292; x_wconf 90' lang='lat' dir='ltr'>in</span> <span class='ocrx_word' id='word_1_268' title='bbox 1681 4227 1849 4312; x_wconf 82' lang='lat' dir='ltr'>cymiterio</span> <span class='ocrx_word' id='word_1_269' title='bbox 1874 4225 1998 4291; x_wconf 80' lang='lat' dir='ltr'>Callisti</span> <span class='ocrx_word' id='word_1_270' title='bbox 2013 4223 2051 4287; x_wconf 94' lang='lat' dir='ltr'>P.</span> 
     </span>
     <span class='ocr_line' id='line_1_36' title="bbox 506 4327 1966 4418; baseline -0.002 -22"><span class='ocrx_word' id='word_1_271' title='bbox 506 4330 599 4396; x_wconf 90' lang='lat' dir='ltr'>XIII.</span> <span class='ocrx_word' id='word_1_272' title='bbox 626 4330 737 4394; x_wconf 81' lang='lat' dir='ltr'>Soter:</span> <span class='ocrx_word' id='word_1_273' title='bbox 761 4332 853 4395; x_wconf 88' lang='lat' dir='ltr'>iuxta</span> <span class='ocrx_word' id='word_1_274' title='bbox 877 4352 993 4418; x_wconf 87' lang='lat' dir='ltr'>corpus</span> <span class='ocrx_word' id='word_1_275' title='bbox 1015 4333 1105 4398; x_wconf 89' lang='lat' dir='ltr'>beati</span> <span class='ocrx_word' id='word_1_276' title='bbox 1128 4333 1218 4398; x_wconf 87' lang='lat' dir='ltr'>Petri</span> <span class='ocrx_word' id='word_1_277' title='bbox 1233 4331 1308 4414; x_wconf 72' lang='grc' dir='ltr'>ΓΚ,</span> <span class='ocrx_word' id='word_1_278' title='bbox 1331 4333 1364 4397; x_wconf 91' lang='lat' dir='ltr'>in</span> <span class='ocrx_word' id='word_1_279' title='bbox 1388 4332 1555 4418; x_wconf 90' lang='lat' dir='ltr'>cymiterio</span> <span class='ocrx_word' id='word_1_280' title='bbox 1580 4331 1705 4396; x_wconf 81' lang='lat' dir='ltr'>Callisti</span> <span class='ocrx_word' id='word_1_281' title='bbox 1727 4332 1781 4394; x_wconf 83' lang='lat' dir='ltr'>via</span> <span class='ocrx_word' id='word_1_282' title='bbox 1803 4330 1912 4417; x_wconf 90' lang='lat' dir='ltr'>Appia</span> <span class='ocrx_word' id='word_1_283' title='bbox 1927 4327 1966 4393; x_wconf 93' lang='lat' dir='ltr'>P.</span> 
     </span>
     <span class='ocr_line' id='line_1_37' title="bbox 511 4434 1522 4523; baseline -0.001 -23"><span class='ocrx_word' id='word_1_284' title='bbox 511 4435 602 4500; x_wconf 90' lang='lat' dir='ltr'>XIV.</span> <span class='ocrx_word' id='word_1_285' title='bbox 626 4434 801 4499; x_wconf 84' lang='lat' dir='ltr'>Eleuther:</span> <span class='ocrx_word' id='word_1_286' title='bbox 825 4436 917 4501; x_wconf 89' lang='lat' dir='ltr'>iuxta</span> <span class='ocrx_word' id='word_1_287' title='bbox 940 4457 1057 4523; x_wconf 90' lang='lat' dir='ltr'>corpus</span> <span class='ocrx_word' id='word_1_288' title='bbox 1079 4437 1169 4503; x_wconf 88' lang='lat' dir='ltr'>beati</span> <span class='ocrx_word' id='word_1_289' title='bbox 1191 4437 1281 4502; x_wconf 92' lang='lat' dir='ltr'>Petri</span> <span class='ocrx_word' id='word_1_290' title='bbox 1303 4437 1336 4500; x_wconf 92' lang='lat' dir='ltr'>in</span> <span class='ocrx_word' id='word_1_291' title='bbox 1351 4436 1522 4501; x_wconf 89' lang='lat' dir='ltr'>Vaticano.</span> 
     </span>
     <span class='ocr_line' id='line_1_38' title="bbox 526 4537 1633 4627; baseline -0.002 -23"><span class='ocrx_word' id='word_1_292' title='bbox 526 4538 600 4604; x_wconf 90' lang='lat' dir='ltr'>XV.</span> <span class='ocrx_word' id='word_1_293' title='bbox 624 4538 750 4604; x_wconf 89' lang='lat' dir='ltr'>Victor:</span> <span class='ocrx_word' id='word_1_294' title='bbox 774 4539 866 4602; x_wconf 86' lang='lat' dir='ltr'>iuxta</span> <span class='ocrx_word' id='word_1_295' title='bbox 889 4561 1006 4626; x_wconf 91' lang='lat' dir='ltr'>corpus</span> <span class='ocrx_word' id='word_1_296' title='bbox 1029 4541 1117 4606; x_wconf 88' lang='lat' dir='ltr'>beati</span> <span class='ocrx_word' id='word_1_297' title='bbox 1139 4540 1231 4606; x_wconf 90' lang='lat' dir='ltr'>Petri</span> <span class='ocrx_word' id='word_1_298' title='bbox 1254 4539 1393 4627; x_wconf 88' lang='lat' dir='ltr'>apostoli</span> <span class='ocrx_word' id='word_1_299' title='bbox 1416 4539 1450 4603; x_wconf 93' lang='lat' dir='ltr'>in</span> <span class='ocrx_word' id='word_1_300' title='bbox 1463 4537 1633 4603; x_wconf 87' lang='lat' dir='ltr'>Vaticano.</span> 
     </span>
     <span class='ocr_line' id='line_1_39' title="bbox 508 4639 1873 4730; baseline -0.002 -23"><span class='ocrx_word' id='word_1_301' title='bbox 508 4641 600 4707; x_wconf 89' lang='lat' dir='ltr'>XVI.</span> <span class='ocrx_word' id='word_1_302' title='bbox 624 4641 840 4730; x_wconf 90' lang='lat' dir='ltr'>Zephyrinus:</span> <span class='ocrx_word' id='word_1_303' title='bbox 863 4643 897 4707; x_wconf 92' lang='lat' dir='ltr'>in</span> <span class='ocrx_word' id='word_1_304' title='bbox 920 4644 1088 4730; x_wconf 89' lang='lat' dir='ltr'>cymiterio</span> <span class='ocrx_word' id='word_1_305' title='bbox 1112 4665 1170 4710; x_wconf 92' lang='lat' dir='ltr'>suo</span> <span class='ocrx_word' id='word_1_306' title='bbox 1192 4645 1285 4710; x_wconf 90' lang='lat' dir='ltr'>iuxta</span> <span class='ocrx_word' id='word_1_307' title='bbox 1307 4642 1511 4728; x_wconf 83' lang='lat' dir='ltr'>cymiterium</span> <span class='ocrx_word' id='word_1_308' title='bbox 1534 4641 1659 4706; x_wconf 86' lang='lat' dir='ltr'>Callisti</span> <span class='ocrx_word' id='word_1_309' title='bbox 1681 4642 1734 4707; x_wconf 81' lang='lat' dir='ltr'>via</span> <span class='ocrx_word' id='word_1_310' title='bbox 1755 4639 1873 4727; x_wconf 90' lang='lat' dir='ltr'>Appia.</span> 
     </span>
     <span class='ocr_line' id='line_1_40' title="bbox 493 4743 1618 4836; baseline -0.002 -25"><span class='ocrx_word' id='word_1_311' title='bbox 493 4744 602 4812; x_wconf 89' lang='lat' dir='ltr'>XVIL</span> <span class='ocrx_word' id='word_1_312' title='bbox 628 4744 797 4811; x_wconf 86' lang='lat' dir='ltr'>Callistus:</span> <span class='ocrx_word' id='word_1_313' title='bbox 821 4746 854 4811; x_wconf 95' lang='lat' dir='ltr'>in</span> <span class='ocrx_word' id='word_1_314' title='bbox 877 4749 1045 4834; x_wconf 89' lang='lat' dir='ltr'>cymiterio</span> <span class='ocrx_word' id='word_1_315' title='bbox 1071 4747 1218 4836; x_wconf 89' lang='lat' dir='ltr'>Calipodi</span> <span class='ocrx_word' id='word_1_316' title='bbox 1243 4749 1296 4814; x_wconf 80' lang='lat' dir='ltr'>via</span> <span class='ocrx_word' id='word_1_317' title='bbox 1317 4746 1453 4812; x_wconf 88' lang='lat' dir='ltr'>Aurelia</span> <span class='ocrx_word' id='word_1_318' title='bbox 1475 4746 1541 4810; x_wconf 90' lang='lat' dir='ltr'>mil.</span> <span class='ocrx_word' id='word_1_319' title='bbox 1558 4743 1618 4810; x_wconf 89' lang='grc' dir='ltr'>ΠΙ.</span> 
     </span>
     <span class='ocr_line' id='line_1_41' title="bbox 476 4848 1485 4938; baseline -0.002 -22"><span class='ocrx_word' id='word_1_320' title='bbox 476 4850 601 4916; x_wconf 92' lang='lat' dir='ltr'>XVIII.</span> <span class='ocrx_word' id='word_1_321' title='bbox 625 4848 792 4915; x_wconf 88' lang='lat' dir='ltr'>Urbanus:</span> <span class='ocrx_word' id='word_1_322' title='bbox 815 4851 848 4915; x_wconf 96' lang='lat' dir='ltr'>in</span> <span class='ocrx_word' id='word_1_323' title='bbox 871 4853 1040 4938; x_wconf 89' lang='lat' dir='ltr'>cymiterio</span> <span class='ocrx_word' id='word_1_324' title='bbox 1064 4852 1270 4918; x_wconf 80' lang='lat' dir='ltr'>Praetextati</span> <span class='ocrx_word' id='word_1_325' title='bbox 1292 4852 1345 4917; x_wconf 84' lang='lat' dir='ltr'>via</span> <span class='ocrx_word' id='word_1_326' title='bbox 1366 4850 1485 4937; x_wconf 90' lang='lat' dir='ltr'>Appia.</span> 
     </span>
     <span class='ocr_line' id='line_1_42' title="bbox 458 4952 1434 5041; baseline 0 -21"><span class='ocrx_word' id='word_1_327' title='bbox 458 4953 602 5020; x_wconf 85' lang='lat' dir='ltr'>XVIIII.</span> <span class='ocrx_word' id='word_1_328' title='bbox 626 4952 818 5019; x_wconf 88' lang='lat' dir='ltr'>Pontianus:</span> <span class='ocrx_word' id='word_1_329' title='bbox 842 4955 876 5019; x_wconf 94' lang='lat' dir='ltr'>in</span> <span class='ocrx_word' id='word_1_330' title='bbox 900 4955 1068 5040; x_wconf 88' lang='lat' dir='ltr'>cymiterio</span> <span class='ocrx_word' id='word_1_331' title='bbox 1092 4954 1216 5020; x_wconf 88' lang='lat' dir='ltr'>Callisti</span> <span class='ocrx_word' id='word_1_332' title='bbox 1239 4955 1293 5020; x_wconf 81' lang='lat' dir='ltr'>via</span> <span class='ocrx_word' id='word_1_333' title='bbox 1314 4952 1434 5041; x_wconf 89' lang='lat' dir='ltr'>Appia.</span> 
     </span>
     <span class='ocr_line' id='line_1_43' title="bbox 525 5057 1398 5145; baseline 0.001 -24"><span class='ocrx_word' id='word_1_334' title='bbox 525 5057 601 5122; x_wconf 89' lang='lat' dir='ltr'>XX.</span> <span class='ocrx_word' id='word_1_335' title='bbox 626 5058 783 5122; x_wconf 90' lang='lat' dir='ltr'>Anteros:</span> <span class='ocrx_word' id='word_1_336' title='bbox 807 5058 840 5122; x_wconf 90' lang='lat' dir='ltr'>in</span> <span class='ocrx_word' id='word_1_337' title='bbox 863 5058 1031 5144; x_wconf 87' lang='lat' dir='ltr'>cymiterio</span> <span class='ocrx_word' id='word_1_338' title='bbox 1056 5057 1181 5124; x_wconf 76' lang='lat' dir='ltr'>Callisti</span> <span class='ocrx_word' id='word_1_339' title='bbox 1203 5059 1256 5124; x_wconf 83' lang='lat' dir='ltr'>vio</span> <span class='ocrx_word' id='word_1_340' title='bbox 1278 5058 1398 5145; x_wconf 86' lang='lat' dir='ltr'>Appia.</span> 
     </span>
     <span class='ocr_line' id='line_1_44' title="bbox 509 5159 1420 5248; baseline -0.001 -20"><span class='ocrx_word' id='word_1_341' title='bbox 509 5161 604 5229; x_wconf 86' lang='lat' dir='ltr'>XXI.</span> <span class='ocrx_word' id='word_1_342' title='bbox 627 5161 806 5226; x_wconf 85' lang='lat' dir='ltr'>Fabianus:</span> <span class='ocrx_word' id='word_1_343' title='bbox 830 5161 863 5225; x_wconf 93' lang='lat' dir='ltr'>in</span> <span class='ocrx_word' id='word_1_344' title='bbox 886 5161 1053 5247; x_wconf 86' lang='lat' dir='ltr'>cymiterio</span> <span class='ocrx_word' id='word_1_345' title='bbox 1078 5159 1203 5226; x_wconf 88' lang='lat' dir='ltr'>Callisti</span> <span class='ocrx_word' id='word_1_346' title='bbox 1225 5163 1278 5227; x_wconf 86' lang='lat' dir='ltr'>via</span> <span class='ocrx_word' id='word_1_347' title='bbox 1303 5161 1420 5248; x_wconf 86' lang='lat' dir='ltr'>Appia.</span> 
     </span>
     <span class='ocr_line' id='line_1_45' title="bbox 490 5256 2075 5353; baseline -0.006 -22"><span class='ocrx_word' id='word_1_348' title='bbox 490 5265 601 5332; x_wconf 89' lang='lat' dir='ltr'>XXII.</span> <span class='ocrx_word' id='word_1_349' title='bbox 627 5264 809 5330; x_wconf 90' lang='lat' dir='ltr'>Cornelius:</span> <span class='ocrx_word' id='word_1_350' title='bbox 833 5264 866 5329; x_wconf 93' lang='lat' dir='ltr'>in</span> <span class='ocrx_word' id='word_1_351' title='bbox 889 5271 1003 5351; x_wconf 88' lang='lat' dir='ltr'>crypta</span> <span class='ocrx_word' id='word_1_352' title='bbox 1024 5266 1115 5330; x_wconf 89' lang='lat' dir='ltr'>iuxta</span> <span class='ocrx_word' id='word_1_353' title='bbox 1131 5267 1332 5353; x_wconf 88' lang='lat' dir='ltr'>cymiterium</span> <span class='ocrx_word' id='word_1_354' title='bbox 1349 5265 1474 5331; x_wconf 90' lang='lat' dir='ltr'>Callisti</span> <span class='ocrx_word' id='word_1_355' title='bbox 1490 5266 1544 5331; x_wconf 82' lang='lat' dir='ltr'>ria</span> <span class='ocrx_word' id='word_1_356' title='bbox 1559 5265 1670 5352; x_wconf 86' lang='lat' dir='ltr'>Appia</span> <span class='ocrx_word' id='word_1_357' title='bbox 1692 5263 1725 5328; x_wconf 93' lang='lat' dir='ltr'>in</span> <span class='ocrx_word' id='word_1_358' title='bbox 1740 5261 1875 5348; x_wconf 88' lang='lat' dir='ltr'>praedio</span> <span class='ocrx_word' id='word_1_359' title='bbox 1892 5256 2075 5344; x_wconf 83' lang='lat' dir='ltr'>(Lucinae).</span> 
     </span>
     <span class='ocr_line' id='line_1_46' title="bbox 476 5359 2076 5455; baseline -0.004 -21"><span class='ocrx_word' id='word_1_360' title='bbox 476 5370 604 5436; x_wconf 88' lang='lat' dir='ltr'>XXIII.</span> <span class='ocrx_word' id='word_1_361' title='bbox 625 5368 758 5434; x_wconf 89' lang='lat' dir='ltr'>Lucius:</span> <span class='ocrx_word' id='word_1_362' title='bbox 783 5369 816 5433; x_wconf 94' lang='lat' dir='ltr'>in</span> <span class='ocrx_word' id='word_1_363' title='bbox 838 5369 1005 5455; x_wconf 89' lang='lat' dir='ltr'>cymiterio</span> <span class='ocrx_word' id='word_1_364' title='bbox 1030 5367 1154 5434; x_wconf 87' lang='lat' dir='ltr'>Callisti</span> <span class='ocrx_word' id='word_1_365' title='bbox 1177 5359 1293 5452; x_wconf 79' lang='lat' dir='ltr'>LIII,</span> <span class='ocrx_word' id='word_1_366' title='bbox 1315 5371 1408 5435; x_wconf 90' lang='lat' dir='ltr'>iuxta</span> <span class='ocrx_word' id='word_1_367' title='bbox 1431 5369 1632 5455; x_wconf 90' lang='lat' dir='ltr'>cymiterium</span> <span class='ocrx_word' id='word_1_368' title='bbox 1656 5365 1780 5432; x_wconf 89' lang='lat' dir='ltr'>Callisti</span> <span class='ocrx_word' id='word_1_369' title='bbox 1802 5366 1836 5429; x_wconf 94' lang='lat' dir='ltr'>in</span> <span class='ocrx_word' id='word_1_370' title='bbox 1857 5363 2005 5430; x_wconf 87' lang='lat' dir='ltr'>arenaria</span> <span class='ocrx_word' id='word_1_371' title='bbox 2027 5362 2076 5428; x_wconf 91' lang='grc' dir='ltr'>ΙΙ.</span> 
     </span>
     <span class='ocr_line' id='line_1_47' title="bbox 458 5473 1481 5561; baseline -0.004 -21"><span class='ocrx_word' id='word_1_372' title='bbox 458 5475 601 5540; x_wconf 90' lang='lat' dir='ltr'>XXIIII.</span> <span class='ocrx_word' id='word_1_373' title='bbox 628 5473 813 5561; x_wconf 78' lang='lat' dir='ltr'>Stephanus</span> <span class='ocrx_word' id='word_1_374' title='bbox 835 5473 866 5538; x_wconf 94' lang='lat' dir='ltr'>I:</span> <span class='ocrx_word' id='word_1_375' title='bbox 891 5474 924 5538; x_wconf 91' lang='lat' dir='ltr'>in</span> <span class='ocrx_word' id='word_1_376' title='bbox 948 5473 1117 5559; x_wconf 90' lang='lat' dir='ltr'>cymiterio</span> <span class='ocrx_word' id='word_1_377' title='bbox 1141 5474 1266 5539; x_wconf 89' lang='lat' dir='ltr'>Callisti</span> <span class='ocrx_word' id='word_1_378' title='bbox 1289 5475 1342 5539; x_wconf 85' lang='lat' dir='ltr'>vio</span> <span class='ocrx_word' id='word_1_379' title='bbox 1364 5473 1481 5560; x_wconf 91' lang='lat' dir='ltr'>Appia.</span> 
     </span>
     <span class='ocr_line' id='line_1_48' title="bbox 498 5576 1434 5665; baseline -0.001 -22"><span class='ocrx_word' id='word_1_380' title='bbox 498 5578 605 5643; x_wconf 89' lang='lat' dir='ltr'>XXV.</span> <span class='ocrx_word' id='word_1_381' title='bbox 628 5579 751 5665; x_wconf 88' lang='lat' dir='ltr'>Xystus</span> <span class='ocrx_word' id='word_1_382' title='bbox 772 5578 821 5643; x_wconf 85' lang='lat'>11:</span> <span class='ocrx_word' id='word_1_383' title='bbox 844 5578 878 5642; x_wconf 93' lang='lat' dir='ltr'>in</span> <span class='ocrx_word' id='word_1_384' title='bbox 902 5578 1069 5663; x_wconf 90' lang='lat' dir='ltr'>cymiterio</span> <span class='ocrx_word' id='word_1_385' title='bbox 1093 5576 1217 5643; x_wconf 89' lang='lat' dir='ltr'>Callisti</span> <span class='ocrx_word' id='word_1_386' title='bbox 1241 5579 1293 5643; x_wconf 81' lang='lat' dir='ltr'>via</span> <span class='ocrx_word' id='word_1_387' title='bbox 1314 5577 1434 5665; x_wconf 91' lang='lat' dir='ltr'>Appia.</span> 
     </span>
     <span class='ocr_line' id='line_1_49' title="bbox 477 5680 1435 5769; baseline -0.001 -23"><span class='ocrx_word' id='word_1_388' title='bbox 477 5680 603 5746; x_wconf 91' lang='lat' dir='ltr'>XXVI.</span> <span class='ocrx_word' id='word_1_389' title='bbox 627 5681 802 5769; x_wconf 89' lang='lat' dir='ltr'>Dionysius</span> <span class='ocrx_word' id='word_1_390' title='bbox 814 5681 877 5768; x_wconf 57' lang='lat' dir='ltr'>[in</span> <span class='ocrx_word' id='word_1_391' title='bbox 901 5681 1068 5769; x_wconf 88' lang='lat' dir='ltr'>cymiterio</span> <span class='ocrx_word' id='word_1_392' title='bbox 1093 5681 1218 5748; x_wconf 89' lang='lat' dir='ltr'>Callisti</span> <span class='ocrx_word' id='word_1_393' title='bbox 1239 5682 1293 5748; x_wconf 82' lang='lat' dir='ltr'>via</span> <span class='ocrx_word' id='word_1_394' title='bbox 1316 5682 1435 5768; x_wconf 88' lang='lat' dir='ltr'>Appia.</span> 
     </span>
    </p>
   </div>
   <div class='ocr_carea' id='block_1_13' title="bbox 0 0 2285 6420">
    <p class='ocr_par' dir='ltr' id='par_1_13' title="bbox 0 0 2285 6420">
     <span class='ocr_line' id='line_1_50' title="bbox 0 0 2285 6420; baseline 0 0"><span class='ocrx_word' id='word_1_395' title='bbox 0 0 2285 6420; x_wconf 95' lang='lat' dir='ltr'> </span> 
     </span>
    </p>
   </div>
  </div>
 </body>
</html>
