4538 6420
397 381 487 438 LXVI
1080 383 1369 442 Pacuuaouurtu.

461 555 634 622 LXVIIII.
658 557 841 624 Bonifatius
863 559 947 624 IIII:
970 559 1013 624 ad
1036 560 1169 626 beatum
1191 559 1325 627 Petrum
1348 563 1542 649 apostolum.

529 659 633 726 LXX.
657 660 856 727 Deuadedit:
881 663 922 729 ad
944 661 1078 729 beatium
1102 663 1236 729 Petrum
1260 665 1452 751 apostolum.

513 763 638 830 LXXI.
659 764 841 830 Bonifatius
856 765 901 830 V:
925 765 968 830 ad
991 767 1125 834 beatum
1149 767 1282 833 Petrum
1304 769 1498 854 apostolum.

496 867 636 934 LXXII.
659 867 838 935 Honorius:
863 869 906 934 ad
927 871 1060 936 beatum
1082 870 1219 938 Petrum
1241 873 1425 959 apostolum
1441 872 1599 954 KGEM,
1628 873 1660 937 iu
1692 872 1828 937 basilica
1855 871 1944 937 beati
1967 869 2063 934 Petri

663 974 802 1061 apostoli
822 973 930 1059 0·E1‚
953 975 1009 1041 ubi
1024 996 1122 1064 supra
1137 976 1165 1042 1.
1181 976 1226 1042 ΙΙ
1244 975 1467 1060 (interpolator
1480 977 1606 1042 eidctro
1619 977 1712 1042 verbo
1731 980 1800 1060 171,
1816 1002 1829 1042 r
1851 976 1907 1042 ubi
1927 973 2063 1060 requie-

661 1078 722 1143 scit
742 1077 900 1143 rettulisse
921 1079 966 1144 ud
987 1079 1182 1158 Honorium)

479 1179 637 1246 LXXIH.
662 1179 849 1248 Severinum
874 1180 917 1247 ad
939 1183 1072 1248 beatum
1094 1183 1231 1248 Petrum
1253 1183 1445 1270 apostolum.

462 1284 635 1352 LXXIIII.
658 1285 822 1352 Iohannes
842 1285 926 1352 1111:
951 1286 994 1352 ad
1016 1289 1150 1354 beatum
1172 1287 1307 1353 Petrum
1330 1288 1523 1374 apostolum.

501 1388 637 1454 LXXV.
660 1389 870 1456 Theodorus:
894 1389 937 1456 ad
961 1390 1094 1458 beatum
1116 1392 1251 1458 Petrum
1274 1392 1468 1478 apostolum.

480 1491 635 1560 LXXVI.
658 1493 814 1559 Martinus
828 1494 861 1560 I:
895 1493 1016 1560 ibidem
1038 1494 1232 1582 (Cersonae)
1257 1496 1356 1561 sitam
1384 1495 1488 1561 finiuit
1515 1495 1675 1580 (sepultus
1703 1495 1735 1559 in
1762 1493 1896 1560 basilica
1927 1499 2063 1559 sanctae

658 1596 783 1664 Mariae
806 1618 937 1686 semper
957 1599 1088 1685 virginis
1110 1600 1186 1666 odd.
1203 1599 1267 1684 K).

465 1699 637 1767 LXXVII.
659 1701 826 1788 Eugenius
848 1703 879 1768 I:
904 1702 946 1769 ad
969 1703 1102 1770 beatum
1125 1703 1260 1770 Petrum
1282 1705 1466 1791 apostolum
1489 1704 1537 1790 (iu
1560 1703 1696 1770 basilica
1719 1701 1808 1768 beati
1831 1701 1921 1768 Petri
1935 1701 2002 1786 Κ).

450 1804 636 1870 LXXVIII.
660 1804 858 1872 Vitalianus:
882 1805 925 1872 ad
949 1807 1081 1874 beatum
1104 1806 1241 1874 Petrum
1262 1808 1457 1894 apostolum.

433 1907 639 1976 LXXVIIII.
663 1909 870 1976 Adeodatus:
894 1909 936 1976 ad
959 1911 1092 1978 beatum
1114 1912 1249 1979 Petrum
1272 1913 1465 1999 apostolum.

499 2011 637 2080 LXXX.
660 2013 788 2079 Donus:
812 2012 855 2080 ad
878 2015 1010 2082 beatum
1034 2015 1169 2082 Petrum
1193 2017 1386 2103 apostolum.

482 2116 640 2184 LXXXI.
662 2116 810 2203 Agatho:
835 2118 877 2185 ad
899 2119 1031 2186 beatum
1055 2120 1190 2187 Petrum
1214 2121 1406 2207 apostolum.

466 2221 639 2286 LXXXII.
662 2221 733 2287 Leo
755 2222 804 2288 11:
829 2222 872 2288 ad
895 2223 1027 2290 beatum
1051 2226 1185 2290 Petrum
1208 2225 1403 2311 apostolum.

452 2324 642 2391 LXXXIII.
664 2324 863 2393 Benedictus
885 2328 931 2394 II:
955 2328 998 2396 ad
1020 2329 1154 2396 beatum
1176 2329 1312 2396 Petrum
1335 2331 1529 2416 apostolum.

430 2429 639 2496 LXXXIIII.
662 2429 827 2498 Iohannes
842 2432 887 2497 V:
911 2431 954 2498 ad
975 2433 1109 2500 beatum
1131 2434 1266 2500 Petrum
1289 2435 1483 2521 apostolum.

470 2533 640 2600 LXXXV.
664 2533 793 2601 Conon:
818 2533 861 2602 ad
884 2537 1016 2604 beatum
1039 2537 1172 2604 Petrum
1195 2539 1390 2627 apostolum.

451 2638 638 2706 LXXXVI.
663 2639 811 2726 Sergius:
835 2641 867 2706 iu
890 2641 1026 2708 basilica
1048 2643 1138 2708 beati
1160 2643 1251 2709 Petri
1272 2643 1422 2730 apostoli.

437 2743 641 2808 LXXXVII.
664 2743 826 2810 Iohannes
840 2745 904 2812 VI:
929 2746 972 2812 ad
993 2748 1126 2813 beatum
1149 2747 1283 2814 Petrum
1306 2748 1490 2834 apostolum
1507 2746 1557 2824 II,
1572 2745 1643 2826 ΙΙΙ,
1666 2765 1726 2810 cro.
1742 2744 1773 2808 Ι.

419 2845 643 2913 LXXXVIII.
666 2846 829 2913 Iohannes
844 2848 925 2914 VII:
949 2849 992 2914 ad
1013 2851 1147 2916 beatum
1164 2851 1298 2916 Petrum
1321 2851 1503 2937 apostolum
1520 2852 1596 2915 aute
1616 2849 1719 2914 altare
1734 2853 1866 2912 muctae
1889 2844 1943 2910 dei
1958 2863 2060 2930 geue·

332 2999 334 3004 .
667 2950 754 3016 tricis
769 2949 966 3036 R²·⁸·⁴E¹·⁶,
987 2974 1045 3020 orn.
1068 2953 1193 3036 reliqui.

405 3053 647 3120 LXXXVIIH.
669 3053 841 3120 Sisinniua:
865 3055 909 3121 ad
931 3057 1062 3123 beatum
1086 3058 1220 3124 Petrum
1243 3059 1426 3144 apostolum
1441 3055 1640 3137 B²·³·⁴E¹·⁶‚
1663 3077 1722 3122 cm.
1746 3053 1870 3136 reliqui.

573 3154 645 3225 XC.
669 3156 912 3225 Constantinus:
937 3160 980 3226 ad
1002 3161 1136 3228 beatum
1158 3162 1292 3228 Petrum
1314 3162 1497 3248 apostolum
1512 3160 1737 3238 B²·³·⁴E²·⁰··¹,
1759 3179 1818 3225 om.
1841 3156 1965 3240 reliqui.

510 3279 630 3346 Differt
654 3281 829 3347 laterculus
851 3282 884 3346 in
906 3282 995 3348 libris
1012 3283 1076 3349 PE
1094 3290 1241 3350 serratus
1263 3305 1284 3350 a
1305 3282 1486 3350 Poutificali
1508 3283 1542 3348 in
1562 3282 1628 3347 bis:

1067 3387 1189 3470 Perstif.
1680 3383 1735 3450 lot.
1758 3403 1823 3464 sep.

479 3489 539 3556 III.
564 3488 717 3556 Clemens
772 3490 805 3555 iu
828 3489 963 3556 Greoias
1443 3491 1476 3555 in
1498 3489 1599 3556 Portu
1622 3489 1655 3554 in
1676 3488 1758 3554 mari

465 3594 542 3660 XII.
566 3593 722 3660 Anicetus
772 3595 806 3659 in
820 3594 980 3661 Vaticano
998 3594 1071 3659 FK
1444 3595 1477 3660 in
1499 3593 1667 3681 cymiterio
1691 3590 1816 3657 Callisti
1838 3609 1909 3654 cum
1925 3587 1959 3654 P

448 3698 543 3764 XIII.
569 3699 666 3764 Soter
773 3699 805 3763 in
821 3697 980 3764 Vaticano
995 3698 1069 3763 FK
1445 3699 1478 3763 in
1501 3698 1668 3786 cymiterio
1692 3694 1815 3761 Callisti
1838 3714 1910 3758 cum
1924 3691 1958 3758 P

419 3803 545 3871 XVIII.
568 3801 719 3868 Urbanus
775 3805 807 3868 in
830 3823 912 3888 oym.
937 3803 1140 3868 Praetextati
1163 3805 1217 3869 ria
1239 3804 1347 3892 Appia
1446 3804 1478 3867 in
1501 3803 1566 3867 mil.
1580 3801 1630 3865 VI
1652 3803 1706 3865 via
1727 3801 1933 3866 Nomentana

431 3908 542 3974 XXII.
567 3907 735 3974 Cornelius
774 3907 866 3972 iuxta
889 3908 1089 3994 cymiterium
1114 3907 1237 3974 Callisti
1444 3909 1497 3972 via
1519 3905 1654 3972 Aurelia

420 4014 544 4080 XXVI.
568 4011 742 4098 Dionysius
774 4011 808 4076 in
830 4013 997 4097 cymiterio
1021 4011 1146 4078 Callisti
1446 4013 1501 4076 via
1521 4011 1657 4076 Aurelia

371 4117 545 4184 XXXVII.
570 4115 719 4180 Liberius
777 4115 830 4180 ria
843 4115 970 4180 Salaria
983 4117 1195 4203 incymiterio
1208 4117 1373 4183 Priscillae
1448 4115 1491 4180 ad
1504 4121 1648 4179 muctam
1659 4113 1864 4178 Felicitatem
1877 4111 1930 4176 via
1941 4108 2066 4174 Salaria

458 4220 547 4286 LXI.
571 4219 709 4305 Vigilius
780 4218 823 4283 ad
834 4226 979 4285 sanctum
988 4219 1179 4287 Marcellum
1190 4223 1242 4286 via
1255 4220 1380 4286 Salaria
1447 4220 1479 4284 iu
1502 4218 1669 4305 cymiterio
1689 4215 1855 4282 Priscillae
1871 4215 1924 4280 ria
1940 4211 2066 4277 Salaria

513 4341 705 4406 Laterculus
727 4342 948 4428 sepulcrorum
973 4362 1168 4428 quamquam
1191 4343 1263 4407 libri
1285 4343 1478 4428 pontificalis
1494 4340 1656 4406 secundae
1673 4359 1802 4426 quoque
1826 4335 1976 4402 editionis
1999 4341 2065 4398 ter-

410 4448 513 4512 minos
540 4443 670 4511 excedit
699 4445 847 4530 adeoque
870 4445 903 4510 in
926 4447 1084 4533 episcopis
1112 4450 1158 4510 lt.
1181 4451 1216 4510 13
1246 4453 1388 4511 mutatus
1411 4447 1452 4510 sit
1474 4465 1608 4510 necesse
1633 4450 1682 4508 est
1704 4443 1746 4508 ad
1769 4440 1967 4507 Pontificalis
1992 4436 2062 4502 edi·

412 4552 534 4615 tionem
556 4548 785 4636 posteriorem,
810 4571 946 4634 quacum
975 4551 1125 4632 traditur,
1148 4550 1355 4615 nihilominus
1379 4555 1503 4614 tautum
1536 4549 1643 4630 abest,
1672 4553 1708 4612 ut
1734 4567 1778 4611 ex
1804 4544 1984 4609 Pontificali
2007 4564 2065 4607 ex-

412 4659 541 4740 cerptus
564 4653 614 4735 sit,
637 4658 673 4716 ut
694 4654 866 4718 verisimile
890 4655 931 4718 sit
954 4654 1112 4719 eiusmodi
1134 4653 1246 4720 indicis
1262 4655 1439 4740 exemplar,
1456 4654 1578 4718 scilicet
1595 4649 1796 4718 emendatius
1811 4649 1938 4731 nostris,
1960 4648 2063 4734 primo

411 4757 607 4824 Pontificalia
634 4757 758 4822 auctori
783 4764 914 4843 praesto
942 4759 1041 4824 fuisse
1071 4780 1210 4846 eumque
1242 4760 1479 4846 sepulturarum
1501 4759 1590 4823 locos
1616 4756 1693 4822 inde
1716 4755 1870 4820 hausisse.
1915 4752 2000 4818 Nam
2022 4750 2063 4816 de

411 4861 583 4948 sepulturis
605 4860 785 4926 Alexandri
807 4866 841 4926 et
862 4861 985 4927 Urbani
1009 4863 1178 4928 traduntur
1199 4863 1295 4927 haec:

507 4973 630 5054 Poetis.
879 4976 942 5040 tab.
965 4997 1028 5058 sep.
1469 4971 1631 5056 martyrol.
1655 4971 1785 5035 Hieron.

414 5076 606 5144 Alexander
627 5078 679 5141 via
776 5079 809 5141 in
831 5078 967 5143 miliario
984 5080 1033 5144 VI
1055 5081 1108 5145 via
1191 5081 1274 5144 Mai.
1289 5085 1325 5143 3:
1348 5077 1474 5142 Romae
1497 5078 1606 5143 natale
1629 5075 1746 5140 Eventi
1762 5071 1943 5139 Alexandri
1958 5071 2065 5134 Theo-

457 5181 664 5248 Nomentaua
819 5181 1027 5248 Nomentana
1257 5179 1370 5266 doli1).
1908 5193 1915 5208 ’

458 5287 525 5351 mil.
540 5284 608 5350 VH
821 5284 1012 5351 Alexander

415 5389 610 5455 Urbanusin
624 5388 723 5474 cymi-
778 5386 822 5471 [iu
846 5389 1003 5454 cimiterio
1027 5390 1129 5455 Prae·
1190 5391 1275 5455 Mai.
1290 5389 1349 5454 25.-
1377 5388 1430 5453 via
1458 5387 1666 5451 Nomentana
1688 5387 1752 5451 mil.
1768 5384 1851 5450 VIII
1874 5379 1981 5446 natale
2005 5376 2067 5441 Ur-

459 5492 540 5558 terio
566 5492 723 5558 Praetex—
821 5490 948 5578 tentati]
1256 5494 1331 5559 bani
1354 5492 1498 5578 episcopi
1518 5490 1551 5554 in
1574 5489 1741 5576 cymiterio
1765 5485 1975 5552 Praetextati.

460 5597 520 5662 tati
542 5597 595 5660 ria
616 5595 726 5682 Appia
778 5594 930 5660 Urbanus

522 5744 543 5810 ¹)
563 5746 641 5797 Liber
658 5746 796 5798 Beruensis
813 5744 984 5812 interpolatus
1009 5753 1068 5813 post
1084 5745 1183 5798 Rornae
1204 5746 1295 5799 inserit
1312 5744 1390 5797 verba
1407 5741 1450 5794 oio
1467 5739 1634 5794 Nomentano
1652 5741 1705 5794 mil.
1720 5739 1791 5808 VII,
1808 5741 1972 5809 postestate
1990 5741 2071 5794 verba

300 5815 303 5822 ⁴
416 5841 565 5886 sanctorum
581 5830 721 5884 quenalis.
