4544 6428
404 427 465 490 234
651 427 654 434 ·
1123 419 1342 478 nrrronnn

687 593 915 650 FELIOIANA
1225 597 1231 700 p
1542 593 1774 650 condumam

401 699 472 764 IIII
509 721 583 766 non.
618 701 686 765 Ian.
746 699 789 764 Ft
824 701 962 766 cessavit
998 703 1204 788 episcopatus
1229 713 1231 798 ξ
1258 699 1326 763 IIII
1360 721 1433 764 non.
1467 699 1536 765 Ian.
1597 699 1639 765 Et
1677 702 1814 766 cessavit
1855 702 2091 788 episcopatus

403 801 472 868 dies
487 803 563 870 VII.
1257 802 1326 868 dies
1342 802 1417 867 VII.

446 996 475 1040 x.
498 975 633 1058 Ycruvs,
675 977 804 1041 natione
841 976 980 1058 Grecos,
1019 999 1060 1042 ex
1098 977 1202 1063 philo·
1301 997 1330 1042 x.
1355 975 1497 1056 Vocare,
1531 978 1662 1042 natione
1697 977 1836 1060 Grecos,
1877 999 1926 1043 ex
1963 979 2090 1064 philo-

402 1078 1011 1167 sopho,deAthenis,soditann.IlII
1037 1080 1204 1145 menslil
1257 1080 1375 1166 sopho,
1400 1078 1439 1144 dc
1463 1079 1616 1160 Athonis,
1650 1082 1735 1148 sedit
1764 1083 1863 1150 anX
1887 1104 2002 1146 mens.
2029 1083 2091 1148 III

404 1184 474 1249 dics
496 1184 558 1251 III.
608 1183 685 1249 Fuit
717 1191 826 1249 autem
862 1185 1061 1272 temporibus
1091 1185 1203 1250 Severi
1258 1183 1419 1248 dicsVII.
1465 1183 1539 1248 Fuit
1562 1186 1763 1272 temporibus
1788 1186 1868 1250 Veri
1893 1193 1931 1250 et
1956 1185 2090 1266 Marci,

404 1295 437 1354 et
459 1288 578 1368 Murci,
608 1290 818 1353 aeonsolatu
841 1288 951 1374 Magni
981 1296 1014 1353 et
1042 1289 1204 1352 Camerini
1257 1287 1467 1352 aeonsulatu
1490 1287 1611 1374 Magna
1642 1295 1675 1354 et
1699 1289 1860 1355 Camerini
1894 1311 2011 1376 usque
2040 1291 2091 1355 ad

405 1414 506 1478 nsque
531 1391 573 1456 ad
596 1393 698 1458 Orfito
722 1399 756 1456 et
779 1391 951 1457 Camirino.
996 1391 1060 1458 Hie
1083 1395 1203 1458 olorum
1258 1391 1360 1456 Orfito
1385 1389 1615 1458 othmerino.
1659 1393 1723 1459 Hic
1746 1395 1866 1459 clerum
1891 1397 2090 1480 conposuit

404 1497 571 1583 conposuit
606 1503 639 1560 et
673 1495 834 1560 distribuit
869 1494 998 1582 grados.
1054 1495 1096 1560 m
1128 1497 1205 1562 fecit
1258 1501 1291 1560 et
1318 1493 1479 1561 distribuit
1509 1495 1638 1580 gradus.
1692 1497 1735 1562 m
1771 1499 1847 1564 fecit
1883 1498 2088 1564 ordinatio-

404 1601 623 1666 ordinationes
644 1599 695 1664 III
1257 1619 1315 1663 nes
1339 1599 1400 1676 III,

403 1743 463 1807 per
485 1743 586 1786 mens.
610 1719 779 1800 Decemb,

404 1841 510 1928 presb.
527 1841 602 1924 XV,
632 1840 714 1907 diac.
731 1842 771 1924 V,
802 1841 972 1926 episcopos
995 1862 1054 1926 per
1077 1840 1203 1906 divorsa
1257 1841 1364 1926 presb.
1385 1840 1459 1920 XV,
1484 1839 1565 1908 diac.
1582 1841 1621 1921 V,
1646 1843 1816 1929 episcopos
1832 1841 1889 1906 VI.
1950 1844 2087 1931 Sepul-

406 1947 479 2010 loce
494 1943 551 2010 VI.
612 1945 675 2020 Qui
710 1947 808 2010 etiam
842 1947 987 2031 sepultus
1025 1951 1075 2008 cst
1112 1943 1204 2008 iuxta
1258 1951 1374 2032 tuaque
1399 1951 1449 2008 est
1470 1945 1562 2010 iuxta
1584 1967 1700 2033 corpus
1723 1945 1811 2011 beati
1835 1945 1925 2012 Petri

404 2071 519 2136 corpus
542 2049 631 2115 beati
658 2049 748 2115 Petri

403 2171 435 2234 in
457 2169 651 2236 Vaticanum

402 2292 455 2358 111
467 2292 511 2358 kl.
522 2292 592 2360 Ian.
636 2291 679 2356 Et
691 2291 829 2356 cessavit
839 2291 1044 2377 episcopatus
1059 2291 1128 2356 dies
1143 2291 1202 2356 III.
1256 2289 1306 2356 III
1329 2288 1372 2354 id.
1396 2289 1464 2356 Ian.
1510 2289 1658 2357 Cessavit
1681 2293 1885 2378 episcopatus
1907 2291 1982 2358 dies
2008 2293 2081 2360 III.

447 2486 488 2530 m.
511 2464 676 2546 Amorum,
711 2464 842 2528 natione
877 2463 991 2548 Syrus,
1030 2485 1072 2528 ex
1111 2471 1203 2549 patre
1302 2483 1343 2528 xr.
1368 2462 1535 2547 Anrerrvs,
1573 2465 1703 2529 natione
1734 2464 1849 2551 Syrus,
1888 2487 1931 2530 ex
1972 2475 2082 2553 patro

404 2570 567 2648 Iohanne,
601 2567 641 2632 de
675 2569 746 2632 vico
780 2566 908 2648 Amisa,
944 2565 1028 2630 sedit
1062 2587 1135 2630 ann.
1155 2565 1203 2630 XI
1258 2565 1424 2648 Iohanne,
1458 2565 1498 2632 de
1529 2569 1600 2633 vico
1630 2567 1759 2650 Amisa,
1787 2567 1870 2633 sedit
1893 2590 1945 2633 an.
1963 2570 2082 2635 VIIII

405 2695 504 2739 mens.
521 2671 590 2736 IIII
613 2669 682 2736 dies
704 2669 766 2736 III.
811 2671 887 2735 Fuit
916 2676 1025 2735 autem
1049 2671 1202 2757 tempori·
1257 2670 1435 2735 mens.III.
1481 2671 1556 2737 Fuit
1585 2679 1693 2738 autem
1721 2672 1924 2758 temporibus
1950 2671 2079 2739 Severi

407 2778 467 2842 bus
490 2775 603 2842 Severi
627 2781 660 2840 et
683 2773 793 2855 Marci,
818 2797 837 2839 a
860 2776 1028 2839 consolatu
1044 2774 1203 2839 Gallicani
1258 2781 1290 2838 et
1313 2773 1430 2856 Marci,
1456 2797 1475 2838 a
1499 2776 1667 2840 consulatu
1691 2775 1851 2840 Gallicani
1883 2781 1916 2840 ct
1931 2775 2080 2843 Veteris

404 2887 438 2945 et
461 2879 591 2944 Veteris
625 2899 727 2964 usque
761 2877 803 2942 ad
831 2878 987 2943 Prosente
1020 2884 1052 2942 et
1075 2878 1201 2942 Rufino.
1256 2898 1357 2962 usquc
1382 2877 1424 2942 od
1447 2877 1638 2944 Presontem
1662 2885 1695 2943 ct
1718 2879 1844 2944 Rufino.
1897 2877 1963 2944 Hie
1987 2902 2079 2946 con-

403 2985 467 3050 Hic
491 2984 664 3063 constituit,
688 2989 723 3046 ut
750 2981 884 3048 clericus
907 3004 1033 3047 comam
1056 3003 1120 3047 non
1143 3004 1202 3047 nu·
1256 2981 1371 3061 stituit,
1396 2987 1431 3044 ut
1454 2984 1558 3046 clerus
1581 3004 1706 3048 comam
1734 3005 1797 3048 non
1821 2983 1950 3048 nutriet.
2002 2984 2078 3051 Hic

405 3089 504 3154 triret.
550 3086 614 3152 Hie
638 3086 715 3150 fecit
737 3083 1002 3150 ordinationesV
1256 3085 1332 3150 fecit
1355 3085 1572 3150 ordinationes
1588 3085 1628 3168 V,

404 3230 462 3294 per
484 3228 586 3273 mens.
610 3205 779 3287 Decemb,

303 3340 309 3344 ’
404 3325 1205 3416 presb.VIlII,diae.IIlI,episcopospcrdirersa
1259 3326 1662 3413 presb.VIII,diac.IIII,
1680 3324 1971 3414 opiscoposVIIII.
2005 3328 2073 3392 Se-

403 3433 477 3497 loea
492 3430 603 3496 VIIII.
649 3429 713 3504 Qui
741 3431 838 3494 ctiam
868 3433 1012 3518 sepultus
1043 3437 1093 3494 est
1115 3433 1206 3496 iuxta
1259 3433 1366 3516 pultus
1390 3437 1440 3496 est
1463 3431 1553 3496 iuxta
1576 3453 1692 3517 corpus
1715 3432 1804 3496 boati
1829 3431 1917 3496 Petri

404 3557 520 3621 corpus
543 3534 632 3600 baeti
655 3533 744 3599 Petri

403 3656 435 3720 in
451 3655 609 3720 Vaticano

403 3774 470 3942 {g
494 3775 537 3842 kl.
559 3776 633 3841 Mai·
679 3775 722 3839 Et
745 3776 884 3840 cessavit
907 3777 1112 3863 upi⁸0⁰pstt11⁸
1135 3777 1205 3841 (ΗΘΒ
1259 3791 1324 3856 XII
1343 3792 1374 3856 k.
1391 3792 1465 3857 Mai.
1513 3792 1660 3857 Cessavit
1680 3793 1884 3879 episcopatuo
1902 3792 1970 3858 dies
1986 3795 2069 3860 VII.

448 4055 499 4100 xn.
522 4033 615 4114 I'rvs,
647 4035 776 4099 natione
805 4035 920 4118 Italus,
950 4057 991 4100 ex
1021 4043 1112 4122 patre
1136 4035 1204 4100 au-
1301 4055 1353 4100 xn.
1378 4035 1471 4117 Pus,
1501 4036 1630 4100 natione
1654 4035 1771 4118 Italus,
1805 4057 1846 4100 cx
1877 4041 1969 4122 patro
1992 4035 2067 4101 Ru-

403 4139 481 4218 iino,
521 4139 621 4202 frater
656 4138 818 4220 Pastoris,
857 4139 897 4204 do
936 4140 1065 4204 civitate
1102 4140 1202 4225 Aqui·
1257 4140 1337 4220 fine,
1369 4141 1469 4204 frater
1510 4140 1669 4220 Pastoris,
1707 4139 1748 4204 de
1787 4139 1916 4202 civitate
1956 4139 2064 4224 Aqui-

403 4243 478 4323 loia,
494 4239 578 4305 sedit
600 4261 671 4304 ann.
689 4241 823 4306 XVIIII
846 4265 947 4309 mens.
964 4243 1031 4307 IIII
1055 4243 1125 4307 dies
1142 4243 1204 4309 III.
1257 4243 1335 4324 leia,
1367 4243 1451 4308 sedit
1483 4265 1534 4310 an.
1555 4243 1618 4306 XV
1648 4263 1746 4306 mens.
1770 4240 1841 4306 IIII
1874 4241 1943 4306 dies
1967 4242 2066 4310 XXI.

405 4344 481 4408 Fuit
515 4351 624 4408 autern
659 4346 858 4431 temporibus
894 4347 1048 4411 Antonini
1080 4346 1149 4428 Pii,
1186 4369 1204 4410 a
1258 4347 1333 4411 Fuit
1355 4355 1465 4412 autem
1488 4347 1688 4433 temporibus
1705 4345 1839 4410 Antonii
1855 4345 1917 4426 Pii,
1941 4367 1960 4408 a
1984 4367 2065 4410 con·

405 4447 677 4512 consoletnOlori
702 4454 735 4512 et
758 4449 880 4513 Severi.
925 4450 992 4515 Sub
1016 4450 1110 4514 huius
1134 4452 1202 4536 epi·
1257 4452 1362 4515 sulatu
1385 4451 1471 4516 Clari
1496 4458 1529 4515 et
1552 4450 1674 4515 Severi.
1722 4449 1789 4514 Sub
1813 4449 1906 4514 huius
1934 4450 2064 4534 episeo-

404 4558 571 4636 scopatum
588 4552 688 4616 frater
706 4554 805 4637 ipsius
823 4553 954 4618 Hermio
970 4554 1086 4618 librum
1103 4555 1202 4639 serip—
1257 4561 1369 4640 patum
1385 4555 1517 4621 Hermia
1539 4554 1653 4619 librum
1671 4553 1806 4638 scripsit,
1829 4554 1862 4616 in
1889 4573 1951 4639 que
1969 4575 2064 4618 man-

404 4657 460 4738 sit,
483 4657 515 4718 in
539 4675 601 4741 quo
625 4655 812 4721 mandatum
836 4658 989 4738 continet,
1018 4657 1105 4744 quod
1127 4678 1201 4744 pro·
1257 4659 1367 4723 datum
1391 4661 1543 4740 continet,
1567 4656 1654 4743 quod
1683 4663 1716 4720 et
1743 4658 1889 4743 precepit
1926 4659 2065 4742 angelus

404 4759 490 4844 oepit
520 4760 655 4843 angelus
684 4759 814 4842 domini,
845 4782 917 4825 oum
942 4762 1029 4826 venit
1056 4761 1098 4826 ad
1129 4782 1202 4827 curn
1257 4763 1395 4845 domini,
1423 4784 1496 4828 cum
1520 4763 1606 4826 venit
1628 4760 1670 4825 ad
1694 4782 1767 4824 eum
1791 4761 1961 4826 inhabita
1985 4783 2062 4847 pas—

403 4864 435 4926 in
455 4863 568 4927 habitu
584 4864 721 4949 pastoris
738 4870 771 4927 ot
787 4865 932 4950 precepit
949 4865 989 4947 oi,
1006 4870 1042 4928 ut
1058 4871 1202 4929 sanetum
1257 4868 1350 4949 toris,
1374 4867 1521 4952 precepit
1551 4867 1581 4930 oi
1603 4873 1638 4930 ut
1661 4870 1806 4929 sanctum
1840 4866 1980 4950 paschae
2006 4867 2062 4932 die

404 4966 545 5052 paschae
569 4966 620 5031 die
645 4967 805 5032 dominica
828 4969 1057 5034 celebraretur.
1258 4969 1418 5034 dominica
1442 4969 1634 5034 celebretur.

1256 5105 1319 5170 Hic
1342 5107 1506 5170 constituit
1528 5127 1548 5169 a
1570 5105 1693 5170 Iudaeo
1719 5104 1899 5170 hereticum
1923 5108 2061 5172 venien-

1256 5215 1322 5273 tem
1346 5210 1465 5294 suscipi
1488 5215 1521 5274 et
1543 5209 1708 5296 baptizari.

405 5346 468 5410 Hie
493 5347 569 5410 fecit
592 5345 810 5410 ordinationes
826 5345 857 5408 V
1258 5347 1321 5412 Hic
1344 5348 1423 5412 feeit
1447 5347 1665 5412 ordinationes
1680 5347 1720 5429 V,

406 5487 465 5551 per
486 5487 587 5531 mens.
612 5466 780 5546 Deccmb,

403 5589 511 5673 presb.
527 5587 673 5668 XVIIII,
691 5587 772 5652 diac.
786 5585 878 5668 XXI,
896 5588 1065 5674 episcopos
1080 5610 1140 5674 per
1156 5588 1203 5653 di·
1259 5589 1365 5674 presb.
1383 5587 1528 5669 XVIIII,
1552 5589 1632 5654 diac.
1657 5587 1767 5668 XXII,
1791 5589 1960 5674 episcopos
1984 5590 2061 5656 XII.

403 5712 497 5756 versa
520 5692 592 5756 loca
615 5689 691 5754 XII.
749 5690 811 5765 Qui
843 5692 940 5755 etiam
975 5693 1120 5777 sepultus
1156 5699 1205 5757 est
1259 5692 1478 5778 sepultusque
1513 5698 1563 5758 est
1595 5693 1686 5758 iuxta
1709 5713 1825 5778 corpus
1855 5691 1943 5756 beati
1970 5692 2061 5758 Petri
