4538 6420
376 419 428 474 XX
1058 415 1342 473 PROLEGOMENA.

482 593 539 658 v1.
572 593 721 676 Gregorii
744 592 760 655 I
787 593 925 678 epistula
951 591 994 656 ad
1020 591 1194 676 Eulogium
1221 588 1437 676 patriarcham
1465 587 1721 654 Alexandrinum
1749 588 1795 676 (7,
1812 595 1851 655 37
1869 589 1945 680 [40])
1969 593 2027 657 ad-

377 696 479 761 hibita
502 697 628 761 videtur
650 697 682 759 in
704 697 770 758 vita
792 694 882 759 Petri
906 697 951 780 (p.
967 698 997 777 2,
1010 694 1046 780 s).
1092 695 1222 759 Scilicet
1244 695 1466 780 episcopatum
1483 693 1572 757 Petri
1589 693 1838 776 Antiochenum‚
1862 717 2027 762 commen-

378 807 445 864 tum
466 808 632 865 auctorum
648 799 801 885 Syrorum
823 808 1039 863 memoratum
1061 799 1199 885 primum
1222 797 1309 884 apud
1325 797 1502 862 Iohannem
1518 795 1783 883 Chrysostomum
1801 805 1834 864 et
1849 799 2026 867 iohannem

377 905 530 969 Malalam
547 904 778 985 Antiochense,
801 905 922 990 primus
939 924 980 968 ex
996 903 1180 968 auctoribus
1195 900 1293 966 hodie
1309 903 1393 967 notis
1413 902 1456 966 ad
1472 909 1577 966 certos
1598 923 1699 968 annos
1718 903 1838 990 redigit
1853 905 2029 992 Gregorius

377 1009 409 1072 in
430 1010 569 1095 epistula
591 1009 656 1087 illa,
682 1007 826 1088 edoctus,
850 1015 886 1072 ut
907 1007 1045 1088 ridetur,
1068 1028 1089 1071 a
1110 1006 1294 1092 patriarcha
1315 1005 1464 1091 Eulogio.
1509 1005 1658 1093 Epistula
1680 1028 1875 1095 quamquam
1899 1011 2028 1098 publice

376 1112 495 1198 prodiit
518 1112 647 1178 demum
671 1111 807 1176 sedente
822 1111 1026 1176 Hadrianol
1049 1111 1246 1176 Pontificalis
1268 1110 1340 1175 libri
1363 1111 1487 1175 auctori
1509 1110 1713 1177 innotescere
1736 1115 1840 1198 potuit
1868 1135 1911 1180 ex
1934 1116 2027 1181 tabu·

376 1217 456 1282 lario
481 1218 640 1282 ecelesiae
663 1216 844 1282 Romanae.

479 1321 555 1387 VII.
589 1321 767 1406 Martyrum
791 1322 957 1408 passiones
981 1321 1022 1384 ad
1047 1319 1127 1384 haee
1154 1326 1247 1404 gesta
1274 1339 1425 1404 magnam
1453 1339 1560 1383 rerum
1588 1320 1715 1405 copiam
1739 1323 1791 1386 vel
1820 1330 1908 1388 certe
1934 1325 2027 1390 fabu-

376 1427 480 1489 larum
504 1424 729 1511 suppeditasse
753 1427 821 1490 iure
845 1432 1010 1510 expectes,
1034 1445 1106 1488 cum
1122 1423 1312 1509 praesertim
1332 1428 1444 1486 auctor
1460 1423 1598 1508 vestigia
1620 1443 1759 1510 sequens
1775 1423 1947 1492 Constituti
1965 1427 2029 1494 Sil·

376 1529 530 1594 vestriani
545 1529 665 1594 scribat
680 1529 721 1594 ab
740 1529 892 1614 episeopo
915 1525 1083 1592 Clemente
1106 1547 1165 1612 per
1187 1531 1312 1612 septem
1336 1525 1486 1611 regiones
1509 1527 1651 1611 singulos
1674 1530 1817 1594 notorior
1839 1533 2030 1598 constitutos

378 1653 450 1698 essa
473 1633 515 1697 ad
538 1641 631 1718 gesta
653 1640 829 1719 martyrum
856 1653 916 1718 per
944 1651 1035 1696 suam
1059 1631 1213 1716 cuiusque
1236 1631 1403 1715 regionem
1426 1630 1564 1695 sollicite
1587 1631 1770 1718 colligenda
1792 1635 2027 1724 laudenturque

378 1739 522 1824 episcopi
537 1737 679 1803 Anteros
694 1737 740 1824 (p.
755 1736 845 1824 aar)
869 1743 903 1802 et
918 1733 1082 1802 Fabianus
1104 1733 1253 1820 (p.27,r)
1278 1741 1410 1821 propter
1430 1733 1631 1820 diligentiam
1654 1737 1685 1802 in
1709 1759 1750 1802 ea
1771 1759 1806 1802 re
1830 1743 2028 1826 praestitam.

377 1840 524 1925 Accedit,
554 1841 640 1929 quod
663 1844 889 1929 episcoporum
912 1840 999 1905 urbis
1022 1839 1176 1924 martyria
1202 1837 1273 1923 ipsa
1295 1837 1456 1923 praefatio
1479 1845 1639 1904 memorat
1662 1847 1695 1906 et
1718 1863 1760 1906 ex
1783 1843 1943 1931 episcopis
1965 1867 2028 1911 uno

378 1951 412 2008 et
434 1945 565 2030 triginta
587 1947 696 2031 primis
718 1945 761 2010 sd
780 1946 968 2030 martyrium
984 1941 1171 2029 pervenisse
1192 1940 1340 2005 dicuutur
1354 1949 1420 2005 tres
1440 1949 1473 2004 et
1490 1942 1603 2027 viginti
1627 1943 1759 2030 (I-IV,
1775 1944 1927 2014 Vl·-·IX.
1951 1949 2028 2015 XII.

376 2046 450 2113 XV.
475 2048 584 2114 XVlI.
606 2049 841 2114 XIX—XXV.
865 2043 1188 2128 XXVII—XXXI),
1220 2065 1263 2108 ex
1291 2043 1405 2130 quibus
1428 2047 1542 2132 viginti
1568 2067 1642 2112 eum
1665 2048 1820 2114 honorem
1843 2052 1908 2116 iam
1931 2052 2029 2119 aditio

377 2153 465 2238 prior
492 2153 618 2236 tribuit,
651 2153 713 2218 duo
742 2153 898 2218 Anicetus
927 2151 1024 2239 (XII)
1053 2155 1086 2215 et
1113 2148 1333 2235 Eutychianus
1361 2148 1541 2237 (XXVIII)
1570 2153 1601 2216 in
1631 2152 1772 2218 editione
1802 2156 1944 2222 secunda
1975 2179 2029 2224 ac·

378 2267 557 2340 cesserunt,
589 2259 720 2324 tertium
743 2259 859 2324 Gaium
889 2255 1035 2343 (XXIX)
1064 2256 1152 2342 prior
1180 2253 1278 2318 editio
1306 2254 1524 2320 confessorem
1552 2255 1643 2338 facit,
1674 2257 1816 2323 secunda
1844 2269 2029 2347 martyrem.

377 2359 444 2425 Sed
466 2362 570 2427 iustae
594 2363 813 2448 expectationi
834 2362 1035 2426 narrationes
1058 2379 1172 2446 parum
1200 2356 1407 2443 respondent.
1452 2358 1566 2444 Longe
1597 2361 1768 2448 plerosque
1798 2383 1841 2427 ex
1870 2365 2030 2452 episcopis

377 2467 570 2552 martyribus
603 2472 716 2531 auctor
738 2465 838 2531 verbo
869 2463 1091 2530 tantummodo
1122 2463 1167 2526 ait
1189 2461 1342 2548 martyrio
1365 2469 1536 2528 coronatos
1559 2483 1646 2546 esse,
1670 2486 1730 2530 nec
1752 2468 1887 2533 multum
1911 2469 2030 2552 differt,

377 2569 463 2656 quod
487 2571 519 2634 iu
536 2569 724 2634 Alexandro
748 2568 843 2655 (VII)
868 2567 1030 2654 quaedam
1053 2566 1144 2632 addit
1167 2588 1209 2630 ex
1232 2565 1463 2652 martyrologio
1486 2565 1739 2654 Hieronymiano
1764 2591 1872 2637 errore
1896 2572 1939 2637 ad
1962 2575 2029 2660 epi·

376 2695 511 2761 scopum
527 2675 630 2738 relata
646 2681 679 2739 et
695 2675 727 2738 iu
741 2674 842 2738 Lucio
860 2671 1005 2758 (xxm)
1023 2677 1056 2736 et
1071 2671 1237 2757 Stephano
1254 2670 1399 2756 (XXIV)
1417 2669 1458 2735 de
1474 2673 1676 2738 successione
1693 2681 1811 2740 monet.
1836 2713 1878 2724 -
1902 2677 2030 2742 Passio-

376 2798 435 2842 nes
458 2797 542 2864 quae
566 2778 628 2842 dici
650 2779 774 2863 possint
797 2799 861 2841 uon
884 2777 1033 2842 adhibuit
1054 2777 1115 2841 nisi
1140 2775 1300 2841 Caeciliae
1329 2776 1361 2838 in
1384 2773 1516 2840 Urbano
1541 2775 1694 2860 (XVIII),
1725 2777 1866 2844 Cornelii
1890 2780 2030 2868 (XXII),

377 2879 473 2966 Xysti
494 2881 530 2946 Π
560 2903 633 2946 eum
659 2881 835 2949 Laurentio
866 2882 1002 2948 diacono
1026 2881 1165 2967 (XXV),
1197 2879 1343 2945 Silvestri
1367 2878 1577 2966 (XXXIIII),
1609 2880 1726 2946 Felicis
1748 2882 1783 2946 Il
1807 2883 2030 2969 (XXXVIII),

375 2985 454 3049 item
488 2986 522 3050 in
554 2985 696 3052 editione
731 2985 862 3052 demum
896 2983 1039 3050 secunda
1072 2983 1239 3048 Susannae
1272 2983 1306 3046 in
1340 2982 1423 3047 Caio
1456 2981 1602 3070 (xxix)
1639 2992 1672 3048 et
1701 2985 1846 3052 Marcelli
1875 2987 2031 3072 (XXXI).

376 3088 513 3153 Accedit
535 3091 568 3154 in
597 3091 663 3155 rita
692 3090 827 3155 Eusebii
849 3087 1011 3175 (XXXII)
1035 3087 1176 3151 narratio
1207 3086 1318 3151 similis
1346 3085 1387 3150 de
1409 3087 1540 3151 inventa
1571 3095 1683 3152 sancta
1711 3111 1805 3155 cruce
1830 3097 1863 3155 et
1886 3091 1927 3156 de
1950 3091 2032 3157 Iuda

376 3190 523 3278 Cyriaco.
568 3193 757 3259 Marcellino
782 3191 925 3278 (XXX),
957 3191 1088 3256 Liberio
1120 3188 1325 3278 (XXXVII),
1360 3188 1464 3276 Xysto
1488 3191 1538 3256 III
1566 3191 1705 3277 (XLVI)
1737 3195 1768 3258 in
1802 3195 1863 3260 hoe
1897 3217 2032 3261 recensu

376 3298 483 3362 locum
513 3318 578 3362 uon
609 3297 772 3380 dedimus,
807 3298 959 3384 quoniam
994 3301 1122 3382 partem
1158 3293 1279 3359 faciunt
1314 3291 1473 3380 fraudium
1505 3295 1834 3380 Symmachianarum.
1883 3297 2033 3386 Excepta

375 3401 560 3465 narratione
590 3400 630 3465 de
659 3406 771 3470 sancta
798 3422 909 3482 eruce,
937 3402 1026 3466 errius
1053 3401 1156 3466 forma
1180 3399 1313 3484 pristina
1335 3397 1377 3462 ad
1406 3419 1465 3462 nos
1493 3401 1658 3484 pervenit,
1687 3403 1831 3487 reliquae
1859 3403 1948 3488 ipsae
1977 3409 2033 3468 aut

376 3510 465 3569 totae
489 3506 664 3591 perierunt,
687 3513 722 3569 ιιι
736 3503 834 3591 Xysti
848 3504 892 3587 Π,
914 3503 1033 3568 Felicis
1048 3503 1092 3588 Π,
1115 3501 1272 3585 Marcelli,
1296 3521 1489 3588 suppressae
1506 3503 1641 3566 fortasse
1665 3505 1845 3570 substitutis
1869 3508 2032 3592 excerptis

377 3609 556 3695 desumptis
588 3631 631 3674 ex
661 3612 732 3696 ipso
766 3609 848 3674 libro
879 3608 1062 3674 Pontifieali
1092 3607 1294 3672 auctoritatis
1327 3606 1450 3670 scilicet
1480 3607 1625 3688 maioris,
1660 3614 1716 3671 aut
1748 3617 1861 3673 extant
1891 3609 2032 3696 quidem,

377 3713 436 3777 sed
457 3713 561 3778 forma
590 3720 646 3778 aut
674 3721 763 3779 certo
793 3713 937 3779 indidem
965 3713 1161 3798 interpolata
1188 3717 1245 3776 aut
1277 3717 1365 3776 certe
1399 3709 1440 3774 ab
1466 3710 1723 3796 interpolationis
1753 3714 1934 3798 suspicione
1968 3735 2033 3778 non

377 3819 498 3899 aliena,
527 3817 562 3881 id
592 3819 678 3905 quod
705 3818 791 3884 cadit
818 3819 851 3884 in
881 3825 954 3883 aeta
978 3816 1154 3899 Caeciliae,
1182 3814 1338 3896 Cornelii,
1370 3814 1551 3898 Susannae,
1584 3814 1781 3900 Silvestri¹);
1812 3836 1919 3903 neque
1948 3819 2032 3882 enim

378 3921 463 4007 quod
498 3923 597 3988 sciam
631 3924 817 4008 passionum
850 3923 976 3986 illarum
1010 3921 1084 3986 libri
1117 3920 1227 4006 scripti
1261 3925 1374 4006 extant
1409 3918 1451 3982 ad
1484 3918 1680 3984 Pontifiealis
1718 3925 1861 3985 aetatem
1894 3920 2031 3987 adscen-

378 4024 492 4090 dentes
526 4047 633 4113 neque
666 4028 712 4091 ita
746 4031 955 4112 comparatae
989 4031 1063 4089 sunt
1097 4024 1221 4089 formae
1258 4023 1425 4108 vulgatae,
1460 4029 1497 4086 ut
1528 4023 1618 4108 ipsae
1653 4043 1725 4086 sese
1760 4025 1839 4087 satis
1872 4032 2031 4092 tueamur.

377 4129 531 4216 Exempli
560 4151 657 4194 causa
680 4131 837 4217 passionis
860 4135 991 4194 sanctae
1015 4129 1177 4194 Caeciliae
1205 4128 1365 4209 recensio,
1395 4147 1491 4213 quam
1514 4127 1534 4192 l.
1552 4147 1578 4192 c.
1603 4125 1649 4212 (p.
1668 4128 1720 4209 22)
1745 4127 1896 4213 adlegari
1917 4137 2031 4216 utpote

376 4231 482 4298 indice
506 4233 623 4298 Rossio
655 4235 797 4320 omnium
820 4235 985 4319 optimam,
1017 4238 1051 4296 et
1074 4232 1138 4297 elia
1159 4251 1238 4317 prae
1262 4251 1296 4295 se
1320 4230 1384 4295 fert
1405 4230 1522 4296 indicia
1545 4231 1677 4314 originis
1704 4233 1891 4296 recentioris
1924 4240 1958 4298 et
1991 4233 2033 4298 ad

378 4357 450 4402 eam
474 4337 677 4402 formandam
701 4336 838 4402 adhibiti
861 4343 933 4400 sunt
955 4335 1173 4401 Tertullianus
1197 4341 1230 4400 st
1251 4335 1462 4420 Augustinus.
1506 4333 1583 4420 Ipsa
1605 4334 1756 4414 narratio,
1786 4334 1827 4399 de
1851 4357 1914 4422 qua
1937 4337 2032 4402 docte

378 4443 528 4527 exposuit
549 4441 655 4508 Erbes
678 4438 882 4526 (Zeitschrift
905 4439 968 4524 fiir
989 4439 1302 4522 Kircheapeschiclste
1324 4441 1423 4505 rolli
1446 4459 1476 4502 a.
1497 4440 1576 4504 1888
1600 4459 1632 4524 p.
1653 4442 1769 4514 1-66;
1802 4440 1841 4506 af.
1862 4439 2032 4504 Neumann

377 4544 474 4608 Stant
504 4545 573 4609 aad
594 4545 716 4610 Ktrcbr
743 4552 768 4628 l,
786 4543 881 4631 310),
910 4566 976 4609 non
1003 4543 1130 4608 videtur
1159 4544 1289 4628 originis
1318 4563 1390 4607 esse
1418 4541 1512 4609 valde
1539 4549 1700 4616 remotae;
1732 4543 1872 4608 ecelesia
1900 4551 2031 4609 sanetae

378 4646 540 4714 Caeciliae
567 4651 751 4714 nominatur
778 4650 916 4736 primum
944 4669 973 4713 a.
990 4652 1052 4713 499
1086 4653 1127 4728 (ι.
1151 4646 1291 4712 indicem
1318 4645 1360 4710 ad
1389 4645 1617 4711 Cassiodorum
1640 4668 1671 4732 p.
1689 4647 1767 4731 408)
1792 4653 1825 4712 et
1847 4649 2030 4733 passionem

378 4753 446 4817 eius
478 4753 583 4818 Erbes
613 4753 735 4818 iudicat
770 4755 989 4839 exemplatam
1024 4751 1066 4816 ad
1096 4752 1234 4816 similam
1261 4750 1449 4815 Africanam
1477 4751 1536 4817 sub
1568 4751 1749 4816 nominibus
1778 4750 1964 4816 Martiniaui
1998 4759 2032 4816 et

375 4855 542 4921 Maximae
565 4859 703 4922 relatam
728 4855 815 4943 apud
835 4856 1002 4921 Victorem
1023 4845 1192 4920 Vitensem
1215 4855 1248 4918 in
1271 4855 1509 4920 commentariis
1532 4854 1573 4920 de
1596 4855 1822 4941 perseeutione
1838 4854 2033 4920 Wandaliea

377 4957 423 5044 (1,
444 4965 492 5042 10,
510 4962 564 5047 30)
589 4961 714 5044 scriptis
737 4981 766 5024 a.
785 4963 858 5025 486.
896 4959 1095 5024 Pontificalis
1117 4966 1226 5024 autam
1248 4959 1384 5045 scriptor
1399 4979 1482 5044 quae
1498 4959 1572 5024 inde
1597 4958 1692 5024 affert
1714 4959 1917 5024 eontinentur
1939 4961 2032 5024 nudis

376 5065 559 5130 nominibus
583 5064 746 5129 Caeciliae
772 5071 804 5128 et
821 5064 988 5130 Valeriani
1015 5065 1124 5150 sponsi
1155 5065 1224 5129 eius
1248 5071 1281 5128 et
1303 5062 1441 5128 Tiburtii
1464 5063 1621 5128 adiunctis
1644 5063 1751 5148 aliquo
1775 5063 1872 5128 modo
1896 5063 1938 5129 ad
1963 5065 2032 5150 epi·

483 5272 503 5340 ¹)
524 5275 653 5327 Fabulosa
671 5276 727 5326 vita
745 5275 871 5340 silvestri,
889 5276 958 5327 uude
975 5275 1147 5342 proficiscitur
1166 5275 1328 5326 Constantini
1345 5275 1419 5342 primi
1437 5275 1567 5342 baptisma
1584 5275 1729 5325 Romanum
1747 5289 1792 5340 per
1809 5273 1956 5339 episcopum
1973 5289 2033 5324 eom

378 5366 481 5426 totaque
499 5361 647 5428 mythorum
669 5378 783 5430 propago
802 5363 861 5414 inde
880 5362 995 5424 emunda,
1020 5361 1130 5412 conficta
1148 5369 1187 5412 est
1203 5362 1230 5412 in
1249 5363 1323 5428 Syria
1344 5379 1410 5415 saec.
1425 5363 1448 5413 V
1470 5362 1593 5427 novitque
1610 5375 1668 5411 sam
1687 5359 1739 5409 iam
1757 5360 1844 5410 Moses
1862 5359 2033 5412 Choransnsis

377 5443 661 5512 (459—481);'sodsm
684 5455 773 5500 autem
790 5450 895 5501 saeculo
916 5450 943 5499 in
961 5449 1085 5499 Latinum
1103 5446 1229 5498 hanelare
1256 5456 1294 5500 est
1318 5456 1343 5500 et
1361 5449 1455 5516 passim
1473 5448 1586 5499 lectitata
1603 5451 1668 5498 testa
1687 5444 1771 5496 indice
1790 5446 1886 5497 Celasii
1904 5447 1917 5495 Ι
1934 5443 2033 5512 (492-

376 5529 437 5596 496)
456 5533 579 5585 librorum
602 5535 806 5602 recipiendorum
831 5543 948 5588 autnon
968 5535 1180 5602 recipiendorum.
1216 5535 1328 5586 Eandem
1353 5536 1475 5602 adlegant
1496 5541 1570 5600 gesta
1587 5531 1683 5583 Liberii
1701 5529 1738 5596 (v.
1756 5549 1781 5599 p.
1796 5529 1828 5581 'l'l
1847 5529 1918 5598 adn.)
1936 5533 2033 5598 scripta

376 5625 460 5668 aetate
477 5619 685 5684 Symmachiana.
726 5623 785 5674 Vita
808 5639 839 5674 ea
861 5638 928 5688 quae
953 5621 1132 5672 circumfertur
1154 5621 1248 5673 Latine
1269 5624 1364 5689 scripta
1390 5637 1549 5688 quamquam
1573 5625 1712 5671 retraetata
1735 5626 1775 5670 est
1797 5615 1833 5684 (v.
1853 5619 1886 5688 ad
1905 5636 1929 5685 p.
1941 5617 1998 5685 ti),
2018 5637 2034 5671 a

376 5707 459 5757 forma
476 5721 506 5757 aa
524 5722 602 5771 quam
620 5709 780 5760 Pontificalis
797 5709 916 5760 adhibuit
933 5725 986 5759 non
1004 5709 1114 5760 multum
1133 5707 1235 5759 videtur
1253 5709 1377 5760 recodere.
