<?xml version="1.0" encoding="UTF-8"?>
<!DOCTYPE html PUBLIC "-//W3C//DTD XHTML 1.0 Transitional//EN"
    "http://www.w3.org/TR/xhtml1/DTD/xhtml1-transitional.dtd">
<html xmlns="http://www.w3.org/1999/xhtml" xml:lang="en" lang="en">
 <head>
  <title>
</title>
<meta http-equiv="Content-Type" content="text/html;charset=utf-8" />
  <meta name='ocr-system' content='tesseract 3.04.00' />
  <meta name='ocr-capabilities' content='ocr_page ocr_carea ocr_par ocr_line ocrx_word'/>
</head>
<body>
  <div class='ocr_page' id='page_1' title='image "./monumentagerman02unkngoog_0013.png"; bbox 0 0 4538 6420; ppageno 0'>
   <div class='ocr_carea' id='block_1_1' title="bbox 369 431 1343 490">
    <p class='ocr_par' dir='ltr' id='par_1_1' title="bbox 369 431 1343 490">
     <span class='ocr_line' id='line_1_1' title="bbox 369 431 1343 490; baseline 0 -2"><span class='ocrx_word' id='word_1_1' title='bbox 369 433 437 489; x_wconf 85' lang='lat' dir='ltr'>VIII</span> <span class='ocrx_word' id='word_1_2' title='bbox 1059 431 1343 490; x_wconf 70' lang='lat' dir='ltr'><strong>Pnonuooffltrsu.</strong></span> 
     </span>
    </p>
   </div>
   <div class='ocr_carea' id='block_1_2' title="bbox 369 606 2035 5180">
    <p class='ocr_par' dir='ltr' id='par_1_2' title="bbox 369 606 2031 2469">
     <span class='ocr_line' id='line_1_2' title="bbox 370 606 2029 695; baseline 0 -23"><span class='ocrx_word' id='word_1_3' title='bbox 370 608 453 673; x_wconf 89' lang='lat' dir='ltr'><strong>haec</strong></span> <span class='ocrx_word' id='word_1_4' title='bbox 475 630 535 694; x_wconf 92' lang='lat' dir='ltr'><strong>per</strong></span> <span class='ocrx_word' id='word_1_5' title='bbox 557 614 662 674; x_wconf 89' lang='lat' dir='ltr'><strong>toturn</strong></span> <span class='ocrx_word' id='word_1_6' title='bbox 685 608 849 673; x_wconf 89' lang='lat' dir='ltr'><strong>saeculum</strong></span> <span class='ocrx_word' id='word_1_7' title='bbox 873 608 1013 695; x_wconf 90' lang='lat' dir='ltr'><strong>primum</strong></span> <span class='ocrx_word' id='word_1_8' title='bbox 1035 609 1091 673; x_wconf 83' lang='lat' dir='ltr'><strong>vix</strong></span> <span class='ocrx_word' id='word_1_9' title='bbox 1115 607 1261 689; x_wconf 79' lang='lat' dir='ltr'>admisit,</span> <span class='ocrx_word' id='word_1_10' title='bbox 1295 613 1382 673; x_wconf 88' lang='lat' dir='ltr'><strong>certe</strong></span> <span class='ocrx_word' id='word_1_11' title='bbox 1412 608 1488 673; x_wconf 92' lang='lat' dir='ltr'><strong>inde</strong></span> <span class='ocrx_word' id='word_1_12' title='bbox 1511 630 1531 673; x_wconf 90' lang='lat' dir='ltr'><strong>a</strong></span> <span class='ocrx_word' id='word_1_13' title='bbox 1552 613 1710 695; x_wconf 81' lang='lat' dir='ltr'><strong>vergente</strong></span> <span class='ocrx_word' id='word_1_14' title='bbox 1732 606 1863 672; x_wconf 88' lang='lat' dir='ltr'><strong>saeculo</strong></span> <span class='ocrx_word' id='word_1_15' title='bbox 1886 607 2029 672; x_wconf 88' lang='lat' dir='ltr'><strong>secundo</strong></span> 
     </span>
     <span class='ocr_line' id='line_1_3' title="bbox 370 711 2029 800; baseline 0.001 -25"><span class='ocrx_word' id='word_1_16' title='bbox 370 712 597 800; x_wconf 89' lang='lat' dir='ltr'><strong>episcoporum</strong></span> <span class='ocrx_word' id='word_1_17' title='bbox 620 714 689 777; x_wconf 89' lang='lat' dir='ltr'><strong>eius</strong></span> <span class='ocrx_word' id='word_1_18' title='bbox 712 713 887 778; x_wconf 80' lang='lat' dir='ltr'><strong>laterculus</strong></span> <span class='ocrx_word' id='word_1_19' title='bbox 910 713 1019 778; x_wconf 84' lang='lat' dir='ltr'><strong>extitit</strong></span> <span class='ocrx_word' id='word_1_20' title='bbox 1040 714 1087 776; x_wconf 91' lang='lat' dir='ltr'><strong>ita</strong></span> <span class='ocrx_word' id='word_1_21' title='bbox 1110 712 1284 794; x_wconf 89' lang='lat' dir='ltr'><strong>formatus,</strong></span> <span class='ocrx_word' id='word_1_22' title='bbox 1314 718 1350 777; x_wconf 92' lang='lat' dir='ltr'><strong>ut</strong></span> <span class='ocrx_word' id='word_1_23' title='bbox 1372 712 1505 777; x_wconf 89' lang='lat' dir='ltr'><strong>Petrum</strong></span> <span class='ocrx_word' id='word_1_24' title='bbox 1534 733 1600 777; x_wconf 93' lang='lat' dir='ltr'><strong>non</strong></span> <span class='ocrx_word' id='word_1_25' title='bbox 1632 714 1736 777; x_wconf 91' lang='lat' dir='ltr'><strong>solum</strong></span> <span class='ocrx_word' id='word_1_26' title='bbox 1760 711 1918 777; x_wconf 88' lang='lat' dir='ltr'><strong>ecclesiae</strong></span> <span class='ocrx_word' id='word_1_27' title='bbox 1940 712 2029 777; x_wconf 91' lang='lat' dir='ltr'><strong>urbis</strong></span> 
     </span>
     <span class='ocr_line' id='line_1_4' title="bbox 369 816 2029 904; baseline 0.001 -23"><span class='ocrx_word' id='word_1_28' title='bbox 369 817 496 881; x_wconf 89' lang='lat' dir='ltr'><strong>Romae</strong></span> <span class='ocrx_word' id='word_1_29' title='bbox 521 822 702 882; x_wconf 76' lang='lat' dir='ltr'><strong>creatorem</strong></span> <span class='ocrx_word' id='word_1_30' title='bbox 726 818 859 900; x_wconf 87' lang='lat' dir='ltr'><strong>faceret,</strong></span> <span class='ocrx_word' id='word_1_31' title='bbox 884 817 943 882; x_wconf 97' lang='lat' dir='ltr'><strong>sed</strong></span> <span class='ocrx_word' id='word_1_32' title='bbox 964 818 1043 882; x_wconf 92' lang='lat' dir='ltr'><strong>item</strong></span> <span class='ocrx_word' id='word_1_33' title='bbox 1059 816 1260 883; x_wconf 88' lang='lat' dir='ltr'><strong>conditorem</strong></span> <span class='ocrx_word' id='word_1_34' title='bbox 1278 817 1484 904; x_wconf 75' lang='lat' dir='ltr'><strong>episcopatus</strong></span> <span class='ocrx_word' id='word_1_35' title='bbox 1507 817 1679 903; x_wconf 87' lang='lat' dir='ltr'><strong>singularis</strong></span> <span class='ocrx_word' id='word_1_36' title='bbox 1702 822 1736 882; x_wconf 91' lang='lat' dir='ltr'><strong>et</strong></span> <span class='ocrx_word' id='word_1_37' title='bbox 1759 816 1801 881; x_wconf 90' lang='lat' dir='ltr'><strong>ab</strong></span> <span class='ocrx_word' id='word_1_38' title='bbox 1817 836 1857 880; x_wconf 92' lang='lat' dir='ltr'><strong>eo</strong></span> <span class='ocrx_word' id='word_1_39' title='bbox 1873 817 2029 903; x_wconf 90' lang='lat' dir='ltr'><strong>iucipiens</strong></span> 
     </span>
     <span class='ocr_line' id='line_1_5' title="bbox 371 920 2029 1009; baseline -0.001 -23"><span class='ocrx_word' id='word_1_40' title='bbox 371 921 558 986; x_wconf 82' lang='lat' dir='ltr'><strong>decurreret</strong></span> <span class='ocrx_word' id='word_1_41' title='bbox 587 921 631 986; x_wconf 90' lang='lat' dir='ltr'><strong>ed</strong></span> <span class='ocrx_word' id='word_1_42' title='bbox 652 927 801 1008; x_wconf 89' lang='lat' dir='ltr'><strong>tempora</strong></span> <span class='ocrx_word' id='word_1_43' title='bbox 828 923 1018 1009; x_wconf 88' lang='lat' dir='ltr'><strong>posteriora.</strong></span> <span class='ocrx_word' id='word_1_44' title='bbox 1064 920 1261 1008; x_wconf 81' lang='lat' dir='ltr'><strong>Temporum</strong></span> <span class='ocrx_word' id='word_1_45' title='bbox 1289 941 1419 1008; x_wconf 91' lang='lat' dir='ltr'><strong>quoque</strong></span> <span class='ocrx_word' id='word_1_46' title='bbox 1448 921 1553 1008; x_wconf 88' lang='lat' dir='ltr'><strong>spatie</strong></span> <span class='ocrx_word' id='word_1_47' title='bbox 1582 920 1624 985; x_wconf 90' lang='lat' dir='ltr'><strong>ad</strong></span> <span class='ocrx_word' id='word_1_48' title='bbox 1651 921 1777 1006; x_wconf 90' lang='lat' dir='ltr'><strong>singula</strong></span> <span class='ocrx_word' id='word_1_49' title='bbox 1803 921 1934 986; x_wconf 90' lang='lat' dir='ltr'><strong>nomina</strong></span> <span class='ocrx_word' id='word_1_50' title='bbox 1963 920 2029 986; x_wconf 88' lang='lat' dir='ltr'><strong>iam</strong></span> 
     </span>
     <span class='ocr_line' id='line_1_6' title="bbox 371 1023 2029 1111; baseline 0 -21"><span class='ocrx_word' id='word_1_51' title='bbox 371 1046 411 1090; x_wconf 91' lang='lat' dir='ltr'><strong>ea</strong></span> <span class='ocrx_word' id='word_1_52' title='bbox 440 1030 549 1090; x_wconf 89' lang='lat' dir='ltr'><strong>aetate</strong></span> <span class='ocrx_word' id='word_1_53' title='bbox 580 1023 743 1111; x_wconf 88' lang='lat' dir='ltr'><strong>adscripta</strong></span> <span class='ocrx_word' id='word_1_54' title='bbox 772 1025 870 1091; x_wconf 89' lang='lat' dir='ltr'><strong>fuisse</strong></span> <span class='ocrx_word' id='word_1_55' title='bbox 898 1047 963 1091; x_wconf 93' lang='lat' dir='ltr'><strong>non</strong></span> <span class='ocrx_word' id='word_1_56' title='bbox 993 1025 1174 1102; x_wconf 88' lang='lat' dir='ltr'><strong>dubitatur;</strong></span> <span class='ocrx_word' id='word_1_57' title='bbox 1210 1025 1308 1090; x_wconf 92' lang='lat' dir='ltr'><strong>etiam</strong></span> <span class='ocrx_word' id='word_1_58' title='bbox 1339 1047 1391 1090; x_wconf 90' lang='lat' dir='ltr'><strong>res</strong></span> <span class='ocrx_word' id='word_1_59' title='bbox 1424 1031 1549 1111; x_wconf 88' lang='lat' dir='ltr'><strong>gestas,</strong></span> <span class='ocrx_word' id='word_1_60' title='bbox 1586 1025 1710 1089; x_wconf 84' lang='lat' dir='ltr'><strong>scilieet</strong></span> <span class='ocrx_word' id='word_1_61' title='bbox 1742 1046 1825 1110; x_wconf 90' lang='lat' dir='ltr'><strong>quae</strong></span> <span class='ocrx_word' id='word_1_62' title='bbox 1858 1025 2029 1090; x_wconf 90' lang='lat' dir='ltr'><strong>ecclesiam</strong></span> 
     </span>
     <span class='ocr_line' id='line_1_7' title="bbox 370 1128 2029 1219; baseline 0.001 -26"><span class='ocrx_word' id='word_1_63' title='bbox 370 1135 555 1214; x_wconf 84' lang='lat' dir='ltr'><strong>tangerent,</strong></span> <span class='ocrx_word' id='word_1_64' title='bbox 586 1150 606 1194; x_wconf 96' lang='lat' dir='ltr'><strong>a</strong></span> <span class='ocrx_word' id='word_1_65' title='bbox 628 1130 791 1195; x_wconf 90' lang='lat' dir='ltr'><strong>laterculis</strong></span> <span class='ocrx_word' id='word_1_66' title='bbox 813 1151 878 1195; x_wconf 94' lang='lat' dir='ltr'><strong>non</strong></span> <span class='ocrx_word' id='word_1_67' title='bbox 905 1152 1036 1219; x_wconf 90' lang='lat' dir='ltr'><strong>prorsus</strong></span> <span class='ocrx_word' id='word_1_68' title='bbox 1064 1130 1183 1196; x_wconf 79' lang='lat' dir='ltr'><strong>afuisse</strong></span> <span class='ocrx_word' id='word_1_69' title='bbox 1207 1131 1379 1195; x_wconf 87' lang='lat' dir='ltr'><strong>verisimile</strong></span> <span class='ocrx_word' id='word_1_70' title='bbox 1404 1135 1463 1194; x_wconf 87' lang='lat' dir='ltr'><strong>est.</strong></span> <span class='ocrx_word' id='word_1_71' title='bbox 1508 1128 1694 1195; x_wconf 85' lang='lat' dir='ltr'><strong>Primitivus</strong></span> <span class='ocrx_word' id='word_1_72' title='bbox 1721 1129 1774 1194; x_wconf 89' lang='lat' dir='ltr'><strong>hic</strong></span> <span class='ocrx_word' id='word_1_73' title='bbox 1803 1129 2029 1216; x_wconf 86' lang='lat' dir='ltr'><strong>episcoporum</strong></span> 
     </span>
     <span class='ocr_line' id='line_1_8' title="bbox 369 1231 2030 1320; baseline -0.001 -22"><span class='ocrx_word' id='word_1_74' title='bbox 369 1234 589 1299; x_wconf 90' lang='lat' dir='ltr'><strong>Romanorum</strong></span> <span class='ocrx_word' id='word_1_75' title='bbox 624 1234 725 1300; x_wconf 85' lang='lat' dir='ltr'><strong>index</strong></span> <span class='ocrx_word' id='word_1_76' title='bbox 758 1235 1003 1301; x_wconf 91' lang='lat' dir='ltr'><strong>fundamentum</strong></span> <span class='ocrx_word' id='word_1_77' title='bbox 1038 1241 1088 1300; x_wconf 90' lang='lat' dir='ltr'><strong>est</strong></span> <span class='ocrx_word' id='word_1_78' title='bbox 1120 1235 1256 1300; x_wconf 83' lang='lat' dir='ltr'><strong>vitarum</strong></span> <span class='ocrx_word' id='word_1_79' title='bbox 1290 1235 1477 1320; x_wconf 85' lang='lat' dir='ltr'><strong>pontificum</strong></span> <span class='ocrx_word' id='word_1_80' title='bbox 1511 1233 1732 1299; x_wconf 84' lang='lat' dir='ltr'><strong>Romanorum</strong></span> <span class='ocrx_word' id='word_1_81' title='bbox 1766 1232 1909 1320; x_wconf 88' lang='lat' dir='ltr'><strong>eorporis</strong></span> <span class='ocrx_word' id='word_1_82' title='bbox 1942 1231 2030 1318; x_wconf 92' lang='lat' dir='ltr'><strong>quod</strong></span> 
     </span>
     <span class='ocr_line' id='line_1_9' title="bbox 372 1337 2030 1426; baseline 0 -24"><span class='ocrx_word' id='word_1_83' title='bbox 372 1337 496 1402; x_wconf 89' lang='lat' dir='ltr'><strong>edimus</strong></span> <span class='ocrx_word' id='word_1_84' title='bbox 519 1338 853 1424; x_wconf 90' lang='lat' dir='ltr'><strong>pseudo-Damasiani</strong></span> <span class='ocrx_word' id='word_1_85' title='bbox 878 1341 936 1422; x_wconf 90' lang='lat' dir='ltr'><strong>(sie</strong></span> <span class='ocrx_word' id='word_1_86' title='bbox 956 1340 1045 1404; x_wconf 89' lang='lat' dir='ltr'><strong>enim</strong></span> <span class='ocrx_word' id='word_1_87' title='bbox 1069 1338 1336 1426; x_wconf 78' lang='lat' dir='ltr'><strong>appellabimus);</strong></span> <span class='ocrx_word' id='word_1_88' title='bbox 1360 1339 1483 1405; x_wconf 91' lang='lat' dir='ltr'><strong>scilieet</strong></span> <span class='ocrx_word' id='word_1_89' title='bbox 1504 1341 1634 1405; x_wconf 90' lang='lat' dir='ltr'><strong>nomiua</strong></span> <span class='ocrx_word' id='word_1_90' title='bbox 1657 1339 1726 1405; x_wconf 89' lang='lat' dir='ltr'><strong>eius</strong></span> <span class='ocrx_word' id='word_1_91' title='bbox 1743 1345 1777 1403; x_wconf 91' lang='lat' dir='ltr'><strong>et</strong></span> <span class='ocrx_word' id='word_1_92' title='bbox 1800 1337 1905 1424; x_wconf 88' lang='lat' dir='ltr'><strong>spatia</strong></span> <span class='ocrx_word' id='word_1_93' title='bbox 1928 1343 1964 1400; x_wconf 91' lang='lat' dir='ltr'><strong>ut</strong></span> <span class='ocrx_word' id='word_1_94' title='bbox 1987 1357 2030 1402; x_wconf 83' lang='lat' dir='ltr'><strong>ex</strong></span> 
     </span>
     <span class='ocr_line' id='line_1_10' title="bbox 370 1441 2026 1530; baseline -0.001 -24"><span class='ocrx_word' id='word_1_95' title='bbox 370 1448 463 1528; x_wconf 91' lang='lat' dir='ltr'><strong>parte</strong></span> <span class='ocrx_word' id='word_1_96' title='bbox 480 1443 597 1508; x_wconf 88' lang='lat' dir='ltr'><strong>ficticia</strong></span> <span class='ocrx_word' id='word_1_97' title='bbox 613 1449 696 1524; x_wconf 88' lang='lat' dir='ltr'><strong>sunt,</strong></span> <span class='ocrx_word' id='word_1_98' title='bbox 719 1445 766 1508; x_wconf 89' lang='lat' dir='ltr'><strong>ite</strong></span> <span class='ocrx_word' id='word_1_99' title='bbox 788 1445 830 1510; x_wconf 91' lang='lat' dir='ltr'><strong>ab</strong></span> <span class='ocrx_word' id='word_1_100' title='bbox 854 1445 1075 1530; x_wconf 86' lang='lat' dir='ltr'><strong>antiquissimo</strong></span> <span class='ocrx_word' id='word_1_101' title='bbox 1096 1443 1153 1508; x_wconf 93' lang='lat' dir='ltr'><strong>illo</strong></span> <span class='ocrx_word' id='word_1_102' title='bbox 1175 1444 1332 1509; x_wconf 88' lang='lat' dir='ltr'><strong>laterculo</strong></span> <span class='ocrx_word' id='word_1_103' title='bbox 1355 1464 1419 1508; x_wconf 93' lang='lat' dir='ltr'><strong>non</strong></span> <span class='ocrx_word' id='word_1_104' title='bbox 1441 1443 1598 1510; x_wconf 89' lang='lat' dir='ltr'><strong>recedunt</strong></span> <span class='ocrx_word' id='word_1_105' title='bbox 1617 1444 1677 1508; x_wconf 90' lang='lat' dir='ltr'><strong>nisi</strong></span> <span class='ocrx_word' id='word_1_106' title='bbox 1692 1464 1755 1508; x_wconf 89' lang='lat' dir='ltr'><strong>uno</strong></span> <span class='ocrx_word' id='word_1_107' title='bbox 1770 1443 1854 1524; x_wconf 90' lang='lat' dir='ltr'><strong>loco,</strong></span> <span class='ocrx_word' id='word_1_108' title='bbox 1876 1441 2026 1506; x_wconf 91' lang='lat' dir='ltr'><strong>nimirum</strong></span> 
     </span>
     <span class='ocr_line' id='line_1_11' title="bbox 371 1546 2029 1634; baseline -0.001 -24"><span class='ocrx_word' id='word_1_109' title='bbox 371 1547 425 1632; x_wconf 91' lang='lat' dir='ltr'><strong>qui</strong></span> <span class='ocrx_word' id='word_1_110' title='bbox 448 1568 533 1612; x_wconf 90' lang='lat' dir='ltr'><strong>nunc</strong></span> <span class='ocrx_word' id='word_1_111' title='bbox 555 1547 589 1611; x_wconf 90' lang='lat' dir='ltr'><strong>in</strong></span> <span class='ocrx_word' id='word_1_112' title='bbox 611 1546 717 1613; x_wconf 88' lang='lat' dir='ltr'><strong>indice</strong></span> <span class='ocrx_word' id='word_1_113' title='bbox 741 1549 869 1634; x_wconf 91' lang='lat' dir='ltr'><strong>quintus</strong></span> <span class='ocrx_word' id='word_1_114' title='bbox 897 1553 946 1613; x_wconf 91' lang='lat' dir='ltr'><strong>est</strong></span> <span class='ocrx_word' id='word_1_115' title='bbox 968 1547 1182 1630; x_wconf 81' lang='lat' dir='ltr'><strong>Aneneletus‚</strong></span> <span class='ocrx_word' id='word_1_116' title='bbox 1211 1569 1285 1613; x_wconf 92' lang='lat' dir='ltr'><strong>eum</strong></span> <span class='ocrx_word' id='word_1_117' title='bbox 1316 1554 1442 1614; x_wconf 86' lang='lat' dir='ltr'><strong>constet</strong></span> <span class='ocrx_word' id='word_1_118' title='bbox 1470 1549 1621 1613; x_wconf 83' lang='lat' dir='ltr'><strong>effectum</strong></span> <span class='ocrx_word' id='word_1_119' title='bbox 1644 1568 1716 1612; x_wconf 90' lang='lat' dir='ltr'><strong>esse</strong></span> <span class='ocrx_word' id='word_1_120' title='bbox 1739 1568 1782 1612; x_wconf 84' lang='lat' dir='ltr'><strong>ex</strong></span> <span class='ocrx_word' id='word_1_121' title='bbox 1804 1546 1934 1612; x_wconf 91' lang='lat' dir='ltr'><strong>nomine</strong></span> <span class='ocrx_word' id='word_1_122' title='bbox 1958 1546 2029 1632; x_wconf 89' lang='lat' dir='ltr'><strong>epi·</strong></span> 
     </span>
     <span class='ocr_line' id='line_1_12' title="bbox 372 1649 2028 1738; baseline -0.001 -23"><span class='ocrx_word' id='word_1_123' title='bbox 372 1652 462 1736; x_wconf 87' lang='lat' dir='ltr'><strong>scopi</strong></span> <span class='ocrx_word' id='word_1_124' title='bbox 484 1649 570 1714; x_wconf 89' lang='lat' dir='ltr'><strong>tertii</strong></span> <span class='ocrx_word' id='word_1_125' title='bbox 593 1649 677 1716; x_wconf 81' lang='lat' dir='ltr'><strong>Oleti</strong></span> <span class='ocrx_word' id='word_1_126' title='bbox 700 1652 786 1716; x_wconf 91' lang='lat' dir='ltr'><strong>male</strong></span> <span class='ocrx_word' id='word_1_127' title='bbox 802 1651 969 1736; x_wconf 87' lang='lat' dir='ltr'><strong>geminato</strong></span> <span class='ocrx_word' id='word_1_128' title='bbox 994 1658 1027 1716; x_wconf 91' lang='lat' dir='ltr'><strong>et</strong></span> <span class='ocrx_word' id='word_1_129' title='bbox 1041 1651 1222 1716; x_wconf 87' lang='lat' dir='ltr'><strong>immutato.</strong></span> <span class='ocrx_word' id='word_1_130' title='bbox 1269 1650 1335 1716; x_wconf 81' lang='lat' dir='ltr'><strong>Sed</strong></span> <span class='ocrx_word' id='word_1_131' title='bbox 1351 1651 1509 1717; x_wconf 87' lang='lat' dir='ltr'><strong>ecelesiae</strong></span> <span class='ocrx_word' id='word_1_132' title='bbox 1525 1651 1694 1716; x_wconf 87' lang='lat' dir='ltr'><strong>Romanae</strong></span> <span class='ocrx_word' id='word_1_133' title='bbox 1711 1649 1887 1738; x_wconf 88' lang='lat' dir='ltr'><strong>primordia</strong></span> <span class='ocrx_word' id='word_1_134' title='bbox 1903 1649 2028 1735; x_wconf 89' lang='lat' dir='ltr'><strong>episeo-</strong></span> 
     </span>
     <span class='ocr_line' id='line_1_13' title="bbox 370 1753 2029 1842; baseline -0.001 -23"><span class='ocrx_word' id='word_1_135' title='bbox 370 1755 457 1841; x_wconf 90' lang='lat' dir='ltr'><strong>palia</strong></span> <span class='ocrx_word' id='word_1_136' title='bbox 473 1754 715 1820; x_wconf 86' lang='lat' dir='ltr'><strong>difficultatibus</strong></span> <span class='ocrx_word' id='word_1_137' title='bbox 730 1756 839 1820; x_wconf 92' lang='lat' dir='ltr'><strong>multis</strong></span> <span class='ocrx_word' id='word_1_138' title='bbox 856 1763 889 1820; x_wconf 89' lang='lat' dir='ltr'><strong>et</strong></span> <span class='ocrx_word' id='word_1_139' title='bbox 904 1755 1056 1841; x_wconf 88' lang='lat' dir='ltr'><strong>gravibus</strong></span> <span class='ocrx_word' id='word_1_140' title='bbox 1073 1755 1216 1820; x_wconf 80' lang='lat' dir='ltr'><strong>obnoxie</strong></span> <span class='ocrx_word' id='word_1_141' title='bbox 1233 1755 1295 1821; x_wconf 89' lang='lat' dir='ltr'><strong>hoc</strong></span> <span class='ocrx_word' id='word_1_142' title='bbox 1317 1756 1389 1821; x_wconf 89' lang='lat' dir='ltr'><strong>loco</strong></span> <span class='ocrx_word' id='word_1_143' title='bbox 1406 1776 1470 1820; x_wconf 94' lang='lat' dir='ltr'><strong>non</strong></span> <span class='ocrx_word' id='word_1_144' title='bbox 1486 1755 1734 1842; x_wconf 83' lang='lat' dir='ltr'><strong>explicabuntur</strong></span> <span class='ocrx_word' id='word_1_145' title='bbox 1745 1753 1786 1842; x_wconf 81' lang='grc' dir='ltr'><strong>ι);</strong></span> <span class='ocrx_word' id='word_1_146' title='bbox 1810 1754 1907 1818; x_wconf 90' lang='lat' dir='ltr'><strong>alium</strong></span> <span class='ocrx_word' id='word_1_147' title='bbox 1923 1755 2029 1818; x_wconf 92' lang='lat' dir='ltr'><strong>locum</strong></span> 
     </span>
     <span class='ocr_line' id='line_1_14' title="bbox 371 1859 2029 1946; baseline -0.001 -22"><span class='ocrx_word' id='word_1_148' title='bbox 371 1866 405 1924; x_wconf 89' lang='lat' dir='ltr'><strong>et</strong></span> <span class='ocrx_word' id='word_1_149' title='bbox 429 1860 619 1945; x_wconf 89' lang='lat' dir='ltr'><strong>ampliorem</strong></span> <span class='ocrx_word' id='word_1_150' title='bbox 643 1879 683 1924; x_wconf 88' lang='lat' dir='ltr'><strong>ea</strong></span> <span class='ocrx_word' id='word_1_151' title='bbox 705 1859 766 1925; x_wconf 90' lang='lat' dir='ltr'><strong>sibi</strong></span> <span class='ocrx_word' id='word_1_152' title='bbox 789 1860 955 1945; x_wconf 90' lang='lat' dir='ltr'><strong>postulant</strong></span> <span class='ocrx_word' id='word_1_153' title='bbox 976 1865 1074 1945; x_wconf 88' lang='lat' dir='ltr'><strong>atque</strong></span> <span class='ocrx_word' id='word_1_154' title='bbox 1100 1859 1338 1946; x_wconf 85' lang='lat' dir='ltr'><strong>praefationem</strong></span> <span class='ocrx_word' id='word_1_155' title='bbox 1362 1861 1489 1946; x_wconf 91' lang='lat' dir='ltr'><strong>corpori</strong></span> <span class='ocrx_word' id='word_1_156' title='bbox 1503 1861 1641 1925; x_wconf 81' lang='lat' dir='ltr'><strong>vitarum</strong></span> <span class='ocrx_word' id='word_1_157' title='bbox 1665 1860 1891 1946; x_wconf 91' lang='lat' dir='ltr'><strong>episcoporum</strong></span> <span class='ocrx_word' id='word_1_158' title='bbox 1917 1878 2029 1922; x_wconf 89' lang='lat' dir='ltr'><strong>eorum</strong></span> 
     </span>
     <span class='ocr_line' id='line_1_15' title="bbox 369 1961 2029 2051; baseline -0.001 -23"><span class='ocrx_word' id='word_1_159' title='bbox 369 1985 429 2051; x_wconf 93' lang='lat' dir='ltr'><strong>per</strong></span> <span class='ocrx_word' id='word_1_160' title='bbox 451 1961 549 2028; x_wconf 91' lang='lat' dir='ltr'><strong>medii</strong></span> <span class='ocrx_word' id='word_1_161' title='bbox 580 1963 652 2028; x_wconf 88' lang='lat' dir='ltr'><strong>aevi</strong></span> <span class='ocrx_word' id='word_1_162' title='bbox 681 1964 834 2029; x_wconf 88' lang='lat' dir='ltr'><strong>tenebras</strong></span> <span class='ocrx_word' id='word_1_163' title='bbox 857 1964 1034 2050; x_wconf 90' lang='lat' dir='ltr'><strong>composito</strong></span> <span class='ocrx_word' id='word_1_164' title='bbox 1063 1963 1346 2050; x_wconf 90' lang='lat' dir='ltr'><strong>praemittendam.</strong></span> <span class='ocrx_word' id='word_1_165' title='bbox 1392 1963 1498 2029; x_wconf 84' lang='lat' dir='ltr'><strong>Missis</strong></span> <span class='ocrx_word' id='word_1_166' title='bbox 1525 1965 1623 2051; x_wconf 91' lang='lat' dir='ltr'><strong>igitur</strong></span> <span class='ocrx_word' id='word_1_167' title='bbox 1645 1964 1777 2050; x_wconf 91' lang='lat' dir='ltr'><strong>reliquis</strong></span> <span class='ocrx_word' id='word_1_168' title='bbox 1800 1963 2029 2049; x_wconf 88' lang='lat' dir='ltr'><strong>episcoporum</strong></span> 
     </span>
     <span class='ocr_line' id='line_1_16' title="bbox 369 2065 2031 2154; baseline -0.002 -22"><span class='ocrx_word' id='word_1_169' title='bbox 369 2068 590 2133; x_wconf 89' lang='lat' dir='ltr'><strong>Romanorum</strong></span> <span class='ocrx_word' id='word_1_170' title='bbox 612 2068 776 2133; x_wconf 91' lang='lat' dir='ltr'><strong>laterculis</strong></span> <span class='ocrx_word' id='word_1_171' title='bbox 799 2075 866 2133; x_wconf 89' lang='lat' dir='ltr'><strong>tem</strong></span> <span class='ocrx_word' id='word_1_172' title='bbox 888 2069 1008 2134; x_wconf 89' lang='lat' dir='ltr'><strong>inserto</strong></span> <span class='ocrx_word' id='word_1_173' title='bbox 1040 2069 1196 2134; x_wconf 88' lang='lat' dir='ltr'><strong>chronicis</strong></span> <span class='ocrx_word' id='word_1_174' title='bbox 1222 2068 1356 2134; x_wconf 88' lang='lat' dir='ltr'><strong>Eusebii</strong></span> <span class='ocrx_word' id='word_1_175' title='bbox 1387 2076 1420 2134; x_wconf 91' lang='lat' dir='ltr'><strong>et</strong></span> <span class='ocrx_word' id='word_1_176' title='bbox 1452 2068 1644 2154; x_wconf 87' lang='lat' dir='ltr'><strong>Hieronymi</strong></span> <span class='ocrx_word' id='word_1_177' title='bbox 1672 2088 1769 2154; x_wconf 90' lang='lat' dir='ltr'><strong>quam</strong></span> <span class='ocrx_word' id='word_1_178' title='bbox 1799 2086 1879 2153; x_wconf 90' lang='lat' dir='ltr'><strong>quos</strong></span> <span class='ocrx_word' id='word_1_179' title='bbox 1907 2065 2031 2130; x_wconf 89' lang='lat' dir='ltr'><strong>habent</strong></span> 
     </span>
     <span class='ocr_line' id='line_1_17' title="bbox 370 2172 2029 2259; baseline -0.002 -21"><span class='ocrx_word' id='word_1_180' title='bbox 370 2173 491 2259; x_wconf 89' lang='lat' dir='ltr'><strong>scripta</strong></span> <span class='ocrx_word' id='word_1_181' title='bbox 514 2173 734 2239; x_wconf 90' lang='lat' dir='ltr'><strong>ecclesiastica</strong></span> <span class='ocrx_word' id='word_1_182' title='bbox 756 2173 830 2256; x_wconf 87' lang='lat' dir='ltr'><strong>alia,</strong></span> <span class='ocrx_word' id='word_1_183' title='bbox 854 2173 1057 2239; x_wconf 87' lang='lat' dir='ltr'><strong>solummodo</strong></span> <span class='ocrx_word' id='word_1_184' title='bbox 1080 2174 1236 2240; x_wconf 89' lang='lat' dir='ltr'><strong>hocloco</strong></span> <span class='ocrx_word' id='word_1_185' title='bbox 1260 2174 1470 2240; x_wconf 77' lang='lat' dir='ltr'><strong>haetabimus</strong></span> <span class='ocrx_word' id='word_1_186' title='bbox 1492 2173 1614 2239; x_wconf 83' lang='lat' dir='ltr'><strong>indices</strong></span> <span class='ocrx_word' id='word_1_187' title='bbox 1631 2175 1769 2239; x_wconf 81' lang='lat' dir='ltr'><strong>sitarum</strong></span> <span class='ocrx_word' id='word_1_188' title='bbox 1786 2172 1867 2237; x_wconf 90' lang='lat' dir='ltr'><strong>duos</strong></span> <span class='ocrx_word' id='word_1_189' title='bbox 1883 2191 2029 2235; x_wconf 89' lang='lat' dir='ltr'><strong>seorsum</strong></span> 
     </span>
     <span class='ocr_line' id='line_1_18' title="bbox 369 2275 2029 2366; baseline -0.001 -25"><span class='ocrx_word' id='word_1_190' title='bbox 369 2275 505 2341; x_wconf 89' lang='lat' dir='ltr'><strong>traditos</strong></span> <span class='ocrx_word' id='word_1_191' title='bbox 530 2277 593 2342; x_wconf 91' lang='lat' dir='ltr'><strong>hoc</strong></span> <span class='ocrx_word' id='word_1_192' title='bbox 615 2284 726 2342; x_wconf 92' lang='lat' dir='ltr'><strong>nostro</strong></span> <span class='ocrx_word' id='word_1_193' title='bbox 750 2298 885 2364; x_wconf 90' lang='lat' dir='ltr'><strong>corpore</strong></span> <span class='ocrx_word' id='word_1_194' title='bbox 906 2277 1259 2366; x_wconf 90' lang='lat' dir='ltr'><strong>pseudo-Damasiano</strong></span> <span class='ocrx_word' id='word_1_195' title='bbox 1286 2279 1466 2344; x_wconf 89' lang='lat' dir='ltr'><strong>anteriores</strong></span> <span class='ocrx_word' id='word_1_196' title='bbox 1493 2286 1526 2344; x_wconf 91' lang='lat' dir='ltr'><strong>et</strong></span> <span class='ocrx_word' id='word_1_197' title='bbox 1553 2279 1640 2364; x_wconf 91' lang='lat' dir='ltr'><strong>ipsos</strong></span> <span class='ocrx_word' id='word_1_198' title='bbox 1666 2279 1699 2343; x_wconf 94' lang='lat' dir='ltr'><strong>in</strong></span> <span class='ocrx_word' id='word_1_199' title='bbox 1726 2277 1760 2342; x_wconf 93' lang='lat' dir='ltr'><strong>id</strong></span> <span class='ocrx_word' id='word_1_200' title='bbox 1782 2282 1948 2362; x_wconf 89' lang='lat' dir='ltr'><strong>receptos;</strong></span> <span class='ocrx_word' id='word_1_201' title='bbox 1971 2275 2029 2340; x_wconf 88' lang='lat' dir='ltr'><strong>ad-</strong></span> 
     </span>
     <span class='ocr_line' id='line_1_19' title="bbox 369 2379 2030 2469; baseline 0.001 -24"><span class='ocrx_word' id='word_1_202' title='bbox 369 2381 540 2466; x_wconf 89' lang='lat' dir='ltr'><strong>iungemus</strong></span> <span class='ocrx_word' id='word_1_203' title='bbox 561 2383 640 2446; x_wconf 90' lang='lat' dir='ltr'><strong>item</strong></span> <span class='ocrx_word' id='word_1_204' title='bbox 665 2381 881 2466; x_wconf 79' lang='lat' dir='ltr'><strong>fragmentum</strong></span> <span class='ocrx_word' id='word_1_205' title='bbox 905 2383 1047 2469; x_wconf 89' lang='lat' dir='ltr'><strong>corporis</strong></span> <span class='ocrx_word' id='word_1_206' title='bbox 1070 2383 1207 2448; x_wconf 82' lang='lat' dir='ltr'><strong>vitarum</strong></span> <span class='ocrx_word' id='word_1_207' title='bbox 1224 2381 1423 2447; x_wconf 89' lang='lat' dir='ltr'><strong>Damasiano</strong></span> <span class='ocrx_word' id='word_1_208' title='bbox 1439 2383 1550 2448; x_wconf 91' lang='lat' dir='ltr'><strong>similis</strong></span> <span class='ocrx_word' id='word_1_209' title='bbox 1573 2383 1615 2448; x_wconf 88' lang='lat' dir='ltr'><strong>ab</strong></span> <span class='ocrx_word' id='word_1_210' title='bbox 1637 2383 1699 2446; x_wconf 92' lang='lat' dir='ltr'><strong>hoc</strong></span> <span class='ocrx_word' id='word_1_211' title='bbox 1721 2403 1786 2446; x_wconf 93' lang='lat' dir='ltr'><strong>non</strong></span> <span class='ocrx_word' id='word_1_212' title='bbox 1802 2379 2030 2466; x_wconf 89' lang='lat' dir='ltr'><strong>separandum.</strong></span> 
     </span>
    </p>

    <p class='ocr_par' dir='ltr' id='par_1_3' title="bbox 369 2484 2032 3409">
     <span class='ocr_line' id='line_1_20' title="bbox 474 2484 2029 2574; baseline -0.001 -24"><span class='ocrx_word' id='word_1_213' title='bbox 474 2485 648 2572; x_wconf 88' lang='lat' dir='ltr'><strong>Antiquior</strong></span> <span class='ocrx_word' id='word_1_214' title='bbox 670 2485 806 2550; x_wconf 92' lang='lat' dir='ltr'><strong>duorum</strong></span> <span class='ocrx_word' id='word_1_215' title='bbox 829 2485 969 2551; x_wconf 90' lang='lat' dir='ltr'><strong>indicum</strong></span> <span class='ocrx_word' id='word_1_216' title='bbox 992 2487 1121 2551; x_wconf 90' lang='lat' dir='ltr'><strong>illorum</strong></span> <span class='ocrx_word' id='word_1_217' title='bbox 1143 2487 1170 2550; x_wconf 89' lang='lat' dir='ltr'><strong>is</strong></span> <span class='ocrx_word' id='word_1_218' title='bbox 1186 2485 1314 2552; x_wconf 81' lang='lat' dir='ltr'><strong>videtur</strong></span> <span class='ocrx_word' id='word_1_219' title='bbox 1336 2506 1419 2569; x_wconf 90' lang='lat' dir='ltr'><strong>esse,</strong></span> <span class='ocrx_word' id='word_1_220' title='bbox 1443 2488 1497 2574; x_wconf 92' lang='lat' dir='ltr'><strong>qui</strong></span> <span class='ocrx_word' id='word_1_221' title='bbox 1520 2507 1584 2552; x_wconf 93' lang='lat' dir='ltr'><strong>non</strong></span> <span class='ocrx_word' id='word_1_222' title='bbox 1605 2485 1707 2552; x_wconf 89' lang='lat' dir='ltr'><strong>habet</strong></span> <span class='ocrx_word' id='word_1_223' title='bbox 1728 2485 1790 2550; x_wconf 91' lang='lat' dir='ltr'><strong>nisi</strong></span> <span class='ocrx_word' id='word_1_224' title='bbox 1812 2484 1900 2550; x_wconf 87' lang='lat' dir='ltr'><strong>nuda</strong></span> <span class='ocrx_word' id='word_1_225' title='bbox 1922 2485 2029 2570; x_wconf 91' lang='lat' dir='ltr'><strong>ponti-</strong></span> 
     </span>
     <span class='ocr_line' id='line_1_21' title="bbox 370 2589 2031 2677; baseline -0.001 -22"><span class='ocrx_word' id='word_1_226' title='bbox 370 2591 467 2655; x_wconf 89' lang='lat' dir='ltr'><strong>ficum</strong></span> <span class='ocrx_word' id='word_1_227' title='bbox 491 2590 620 2654; x_wconf 89' lang='lat' dir='ltr'><strong>nomina</strong></span> <span class='ocrx_word' id='word_1_228' title='bbox 650 2610 828 2674; x_wconf 89' lang='lat' dir='ltr'><strong>eorumque</strong></span> <span class='ocrx_word' id='word_1_229' title='bbox 860 2591 966 2676; x_wconf 89' lang='lat' dir='ltr'><strong>spatia</strong></span> <span class='ocrx_word' id='word_1_230' title='bbox 988 2611 1048 2677; x_wconf 92' lang='lat' dir='ltr'><strong>per</strong></span> <span class='ocrx_word' id='word_1_231' title='bbox 1071 2611 1171 2654; x_wconf 88' lang='lat' dir='ltr'><strong>annos</strong></span> <span class='ocrx_word' id='word_1_232' title='bbox 1194 2611 1322 2656; x_wconf 89' lang='lat' dir='ltr'><strong>menses</strong></span> <span class='ocrx_word' id='word_1_233' title='bbox 1346 2589 1425 2657; x_wconf 88' lang='lat' dir='ltr'><strong>dies.</strong></span> <span class='ocrx_word' id='word_1_234' title='bbox 1470 2589 1616 2656; x_wconf 84' lang='lat' dir='ltr'><strong>IndIcem</strong></span> <span class='ocrx_word' id='word_1_235' title='bbox 1647 2589 1707 2676; x_wconf 89' lang='lat' dir='ltr'><strong>(sio</strong></span> <span class='ocrx_word' id='word_1_236' title='bbox 1737 2590 1823 2654; x_wconf 94' lang='lat' dir='ltr'><strong>enim</strong></span> <span class='ocrx_word' id='word_1_237' title='bbox 1845 2589 1932 2654; x_wconf 91' lang='lat' dir='ltr'><strong>nude</strong></span> <span class='ocrx_word' id='word_1_238' title='bbox 1956 2610 2031 2654; x_wconf 89' lang='lat' dir='ltr'><strong>eum</strong></span> 
     </span>
     <span class='ocr_line' id='line_1_22' title="bbox 371 2692 2030 2782; baseline -0.001 -22"><span class='ocrx_word' id='word_1_239' title='bbox 371 2692 588 2782; x_wconf 76' lang='lat' dir='ltr'><strong>appellamus)</strong></span> <span class='ocrx_word' id='word_1_240' title='bbox 613 2693 814 2759; x_wconf 90' lang='lat' dir='ltr'><strong>tradiderunt</strong></span> <span class='ocrx_word' id='word_1_241' title='bbox 843 2714 979 2780; x_wconf 89' lang='lat' dir='ltr'><strong>corpora</strong></span> <span class='ocrx_word' id='word_1_242' title='bbox 1007 2694 1269 2759; x_wconf 89' lang='lat' dir='ltr'><strong>constitutionum</strong></span> <span class='ocrx_word' id='word_1_243' title='bbox 1301 2696 1590 2761; x_wconf 87' lang='lat' dir='ltr'><strong>ecclesiasticarum</strong></span> <span class='ocrx_word' id='word_1_244' title='bbox 1619 2716 1639 2760; x_wconf 91' lang='lat' dir='ltr'><strong>a</strong></span> <span class='ocrx_word' id='word_1_245' title='bbox 1667 2700 1762 2760; x_wconf 84' lang='lat' dir='ltr'><strong>sexto</strong></span> <span class='ocrx_word' id='word_1_246' title='bbox 1791 2693 1868 2759; x_wconf 94' lang='lat' dir='ltr'><strong>inde</strong></span> <span class='ocrx_word' id='word_1_247' title='bbox 1899 2694 2030 2760; x_wconf 87' lang='lat' dir='ltr'><strong>saeculo</strong></span> 
     </span>
     <span class='ocr_line' id='line_1_23' title="bbox 370 2797 2030 2887; baseline -0.001 -23"><span class='ocrx_word' id='word_1_248' title='bbox 370 2801 491 2887; x_wconf 90' lang='lat' dir='ltr'><strong>passim</strong></span> <span class='ocrx_word' id='word_1_249' title='bbox 515 2799 705 2884; x_wconf 81' lang='lat' dir='ltr'><strong>compilata3</strong></span> <span class='ocrx_word' id='word_1_250' title='bbox 738 2797 797 2863; x_wconf 91' lang='lat' dir='ltr'><strong>sed</strong></span> <span class='ocrx_word' id='word_1_251' title='bbox 823 2798 993 2885; x_wconf 86' lang='lat' dir='ltr'><strong>probabile</strong></span> <span class='ocrx_word' id='word_1_252' title='bbox 1022 2804 1169 2864; x_wconf 90' lang='lat' dir='ltr'><strong>osteum</strong></span> <span class='ocrx_word' id='word_1_253' title='bbox 1191 2800 1293 2864; x_wconf 93' lang='lat' dir='ltr'><strong>multo</strong></span> <span class='ocrx_word' id='word_1_254' title='bbox 1316 2806 1392 2864; x_wconf 89' lang='lat' dir='ltr'><strong>ante</strong></span> <span class='ocrx_word' id='word_1_255' title='bbox 1421 2799 1579 2866; x_wconf 87' lang='lat' dir='ltr'><strong>conscribi</strong></span> <span class='ocrx_word' id='word_1_256' title='bbox 1603 2804 1754 2886; x_wconf 89' lang='lat' dir='ltr'><strong>coeptum</strong></span> <span class='ocrx_word' id='word_1_257' title='bbox 1779 2819 1866 2881; x_wconf 85' lang='lat' dir='ltr'><strong>esse,</strong></span> <span class='ocrx_word' id='word_1_258' title='bbox 1891 2798 2030 2862; x_wconf 88' lang='lat' dir='ltr'><strong>fortasse</strong></span> 
     </span>
     <span class='ocr_line' id='line_1_24' title="bbox 373 2900 2032 2990; baseline -0.002 -21"><span class='ocrx_word' id='word_1_259' title='bbox 373 2911 440 2970; x_wconf 92' lang='lat' dir='ltr'><strong>tum</strong></span> <span class='ocrx_word' id='word_1_260' title='bbox 464 2924 536 2968; x_wconf 90' lang='lat' dir='ltr'><strong>cum</strong></span> <span class='ocrx_word' id='word_1_261' title='bbox 561 2902 699 2968; x_wconf 89' lang='lat' dir='ltr'><strong>ecelesia</strong></span> <span class='ocrx_word' id='word_1_262' title='bbox 720 2902 871 2967; x_wconf 86' lang='lat' dir='ltr'><strong>Romana</strong></span> <span class='ocrx_word' id='word_1_263' title='bbox 892 2923 951 2988; x_wconf 92' lang='lat' dir='ltr'><strong>pro</strong></span> <span class='ocrx_word' id='word_1_264' title='bbox 975 2900 1104 2968; x_wconf 84' lang='lat' dir='ltr'><strong>Graeca</strong></span> <span class='ocrx_word' id='word_1_265' title='bbox 1125 2903 1275 2968; x_wconf 88' lang='lat' dir='ltr'><strong>Latinam</strong></span> <span class='ocrx_word' id='word_1_266' title='bbox 1298 2904 1442 2989; x_wconf 89' lang='lat' dir='ltr'><strong>linguam</strong></span> <span class='ocrx_word' id='word_1_267' title='bbox 1465 2903 1642 2990; x_wconf 84' lang='lat' dir='ltr'><strong>adoptarit.</strong></span> <span class='ocrx_word' id='word_1_268' title='bbox 1682 2902 1826 2967; x_wconf 86' lang='lat' dir='ltr'><strong>Indicam</strong></span> <span class='ocrx_word' id='word_1_269' title='bbox 1850 2922 1925 2966; x_wconf 90' lang='lat' dir='ltr'><strong>eum</strong></span> <span class='ocrx_word' id='word_1_270' title='bbox 1948 2901 2032 2966; x_wconf 88' lang='lat' dir='ltr'><strong>infra</strong></span> 
     </span>
     <span class='ocr_line' id='line_1_25' title="bbox 370 3003 2031 3096; baseline -0.002 -24"><span class='ocrx_word' id='word_1_271' title='bbox 370 3009 416 3096; x_wconf 88' lang='lat' dir='ltr'><strong>(p.</strong></span> <span class='ocrx_word' id='word_1_272' title='bbox 439 3005 714 3092; x_wconf 82' lang='lat' dir='ltr'>XXXIII—XL)</span> <span class='ocrx_word' id='word_1_273' title='bbox 737 3007 770 3070; x_wconf 93' lang='lat' dir='ltr'><strong>in</strong></span> <span class='ocrx_word' id='word_1_274' title='bbox 793 3012 933 3071; x_wconf 87' lang='lat' dir='ltr'><strong>tractatu</strong></span> <span class='ocrx_word' id='word_1_275' title='bbox 956 3006 998 3071; x_wconf 92' lang='lat' dir='ltr'><strong>de</strong></span> <span class='ocrx_word' id='word_1_276' title='bbox 1021 3006 1205 3072; x_wconf 90' lang='lat' dir='ltr'><strong>auctoribus</strong></span> <span class='ocrx_word' id='word_1_277' title='bbox 1228 3006 1271 3071; x_wconf 91' lang='lat' dir='ltr'><strong>ad</strong></span> <span class='ocrx_word' id='word_1_278' title='bbox 1293 3028 1410 3094; x_wconf 87' lang='lat' dir='ltr'><strong>corpus</strong></span> <span class='ocrx_word' id='word_1_279' title='bbox 1426 3006 1658 3072; x_wconf 89' lang='lat' dir='ltr'><strong>Damasienum</strong></span> <span class='ocrx_word' id='word_1_280' title='bbox 1681 3005 1948 3072; x_wconf 88' lang='lat' dir='ltr'><strong>conscribendum</strong></span> <span class='ocrx_word' id='word_1_281' title='bbox 1971 3003 2031 3068; x_wconf 90' lang='lat' dir='ltr'><strong>sd-</strong></span> 
     </span>
     <span class='ocr_line' id='line_1_26' title="bbox 369 3109 2030 3198; baseline -0.004 -21"><span class='ocrx_word' id='word_1_282' title='bbox 369 3112 479 3177; x_wconf 89' lang='lat' dir='ltr'><strong>hibitis</strong></span> <span class='ocrx_word' id='word_1_283' title='bbox 503 3110 660 3176; x_wconf 87' lang='lat' dir='ltr'><strong>edidimus</strong></span> <span class='ocrx_word' id='word_1_284' title='bbox 683 3111 904 3194; x_wconf 86' lang='lat' dir='ltr'><strong>coniunctum,</strong></span> <span class='ocrx_word' id='word_1_285' title='bbox 934 3110 990 3176; x_wconf 91' lang='lat' dir='ltr'><strong>ubi</strong></span> <span class='ocrx_word' id='word_1_286' title='bbox 1019 3111 1099 3175; x_wconf 92' lang='lat' dir='ltr'><strong>item</strong></span> <span class='ocrx_word' id='word_1_287' title='bbox 1122 3109 1168 3198; x_wconf 93' lang='lat' dir='ltr'><strong>(p.</strong></span> <span class='ocrx_word' id='word_1_288' title='bbox 1185 3109 1497 3198; x_wconf 84' lang='lat' dir='ltr'>XXIX-XXXII)</span> <span class='ocrx_word' id='word_1_289' title='bbox 1520 3112 1675 3177; x_wconf 89' lang='lat' dir='ltr'><strong>librorum</strong></span> <span class='ocrx_word' id='word_1_290' title='bbox 1703 3111 1758 3197; x_wconf 91' lang='lat' dir='ltr'><strong>qui</strong></span> <span class='ocrx_word' id='word_1_291' title='bbox 1781 3130 1855 3175; x_wconf 90' lang='lat' dir='ltr'><strong>eum</strong></span> <span class='ocrx_word' id='word_1_292' title='bbox 1878 3127 2030 3173; x_wconf 82' lang='lat' dir='ltr'><strong>servave-</strong></span> 
     </span>
     <span class='ocr_line' id='line_1_27' title="bbox 370 3211 2031 3302; baseline -0.004 -21"><span class='ocrx_word' id='word_1_293' title='bbox 370 3222 444 3281; x_wconf 90' lang='lat' dir='ltr'><strong>runt</strong></span> <span class='ocrx_word' id='word_1_294' title='bbox 466 3236 634 3281; x_wconf 89' lang='lat' dir='ltr'><strong>recensum</strong></span> <span class='ocrx_word' id='word_1_295' title='bbox 666 3213 794 3296; x_wconf 89' lang='lat' dir='ltr'><strong>damus,</strong></span> <span class='ocrx_word' id='word_1_296' title='bbox 826 3214 1117 3302; x_wconf 83' lang='lat' dir='ltr'><strong>adseripsImusque</strong></span> <span class='ocrx_word' id='word_1_297' title='bbox 1141 3222 1313 3302; x_wconf 87' lang='lat' dir='ltr'><strong>praeterea</strong></span> <span class='ocrx_word' id='word_1_298' title='bbox 1342 3215 1385 3281; x_wconf 91' lang='lat' dir='ltr'><strong>ad</strong></span> <span class='ocrx_word' id='word_1_299' title='bbox 1407 3216 1550 3302; x_wconf 90' lang='lat' dir='ltr'><strong>singulas</strong></span> <span class='ocrx_word' id='word_1_300' title='bbox 1573 3215 1715 3302; x_wconf 87' lang='lat' dir='ltr'><strong>corporis</strong></span> <span class='ocrx_word' id='word_1_301' title='bbox 1738 3213 1927 3279; x_wconf 89' lang='lat' dir='ltr'><strong>Damasiani</strong></span> <span class='ocrx_word' id='word_1_302' title='bbox 1947 3211 2031 3276; x_wconf 84' lang='lat' dir='ltr'><strong>vitas</strong></span> 
     </span>
     <span class='ocr_line' id='line_1_28' title="bbox 369 3317 744 3409; baseline -0.011 -22"><span class='ocrx_word' id='word_1_303' title='bbox 369 3322 475 3409; x_wconf 87' lang='lat' dir='ltr'><strong>spatie</strong></span> <span class='ocrx_word' id='word_1_304' title='bbox 496 3321 530 3384; x_wconf 91' lang='lat' dir='ltr'><strong>in</strong></span> <span class='ocrx_word' id='word_1_305' title='bbox 553 3340 592 3384; x_wconf 92' lang='lat' dir='ltr'><strong>eo</strong></span> <span class='ocrx_word' id='word_1_306' title='bbox 616 3317 744 3384; x_wconf 79' lang='lat' dir='ltr'><strong>tradita</strong></span> 
     </span>
    </p>

    <p class='ocr_par' dir='ltr' id='par_1_4' title="bbox 371 3420 2035 4556">
     <span class='ocr_line' id='line_1_29' title="bbox 474 3420 2031 3512; baseline -0.003 -24"><span class='ocrx_word' id='word_1_307' title='bbox 474 3423 594 3489; x_wconf 72' lang='lat' dir='ltr'><strong>(lenae</strong></span> <span class='ocrx_word' id='word_1_308' title='bbox 617 3423 734 3488; x_wconf 88' lang='lat' dir='ltr'><strong>aetatis</strong></span> <span class='ocrx_word' id='word_1_309' title='bbox 757 3424 933 3489; x_wconf 87' lang='lat' dir='ltr'><strong>laterculus</strong></span> <span class='ocrx_word' id='word_1_310' title='bbox 955 3423 1116 3490; x_wconf 90' lang='lat' dir='ltr'><strong>secundus</strong></span> <span class='ocrx_word' id='word_1_311' title='bbox 1139 3429 1189 3490; x_wconf 89' lang='lat' dir='ltr'><strong>est</strong></span> <span class='ocrx_word' id='word_1_312' title='bbox 1210 3425 1348 3490; x_wconf 74' lang='lat' dir='ltr'><strong>mserum</strong></span> <span class='ocrx_word' id='word_1_313' title='bbox 1372 3424 1651 3512; x_wconf 86' lang='lat' dir='ltr'><strong>chronographiae</strong></span> <span class='ocrx_word' id='word_1_314' title='bbox 1666 3423 1811 3488; x_wconf 89' lang='lat' dir='ltr'><strong>urbanae</strong></span> <span class='ocrx_word' id='word_1_315' title='bbox 1829 3420 2031 3506; x_wconf 86' lang='lat' dir='ltr'><strong>conscriptae</strong></span> 
     </span>
     <span class='ocr_line' id='line_1_30' title="bbox 371 3525 2032 3612; baseline -0.005 -16"><span class='ocrx_word' id='word_1_316' title='bbox 371 3530 431 3596; x_wconf 90' lang='lat' dir='ltr'><strong>sub</strong></span> <span class='ocrx_word' id='word_1_317' title='bbox 454 3527 664 3593; x_wconf 77' lang='lat' dir='ltr'><strong>Constantino</strong></span> <span class='ocrx_word' id='word_1_318' title='bbox 686 3527 704 3593; x_wconf 98' lang='lat' dir='ltr'>I</span> <span class='ocrx_word' id='word_1_319' title='bbox 727 3549 755 3592; x_wconf 90' lang='lat' dir='ltr'><strong>a.</strong></span> <span class='ocrx_word' id='word_1_320' title='bbox 773 3530 845 3610; x_wconf 83' lang='lat'>334,</span> <span class='ocrx_word' id='word_1_321' title='bbox 870 3530 1076 3594; x_wconf 85' lang='lat' dir='ltr'><strong>continuatae</strong></span> <span class='ocrx_word' id='word_1_322' title='bbox 1098 3529 1158 3594; x_wconf 92' lang='lat' dir='ltr'><strong>sub</strong></span> <span class='ocrx_word' id='word_1_323' title='bbox 1181 3528 1370 3594; x_wconf 78' lang='lat' dir='ltr'><strong>Constantio</strong></span> <span class='ocrx_word' id='word_1_324' title='bbox 1393 3527 1429 3593; x_wconf 96' lang='grc' dir='ltr'><strong>ΙΙ</strong></span> <span class='ocrx_word' id='word_1_325' title='bbox 1451 3527 1494 3592; x_wconf 91' lang='lat' dir='ltr'><strong>ad</strong></span> <span class='ocrx_word' id='word_1_326' title='bbox 1516 3549 1546 3595; x_wconf 92' lang='lat' dir='ltr'><strong>a.</strong></span> <span class='ocrx_word' id='word_1_327' title='bbox 1563 3532 1641 3612; x_wconf 81' lang='lat'>354,</span> <span class='ocrx_word' id='word_1_328' title='bbox 1674 3527 1788 3592; x_wconf 89' lang='lat' dir='ltr'><strong>finiens</strong></span> <span class='ocrx_word' id='word_1_329' title='bbox 1816 3525 1849 3589; x_wconf 95' lang='lat' dir='ltr'><strong>in</strong></span> <span class='ocrx_word' id='word_1_330' title='bbox 1878 3525 2032 3611; x_wconf 90' lang='lat' dir='ltr'><strong>episeopo</strong></span> 
     </span>
     <span class='ocr_line' id='line_1_31' title="bbox 371 3629 2031 3719; baseline -0.004 -21"><span class='ocrx_word' id='word_1_331' title='bbox 371 3641 440 3698; x_wconf 91' lang='lat' dir='ltr'><strong>tum</strong></span> <span class='ocrx_word' id='word_1_332' title='bbox 471 3631 606 3698; x_wconf 88' lang='lat' dir='ltr'><strong>sedente</strong></span> <span class='ocrx_word' id='word_1_333' title='bbox 635 3631 786 3714; x_wconf 70' lang='lat' dir='ltr'><strong>liberio,</strong></span> <span class='ocrx_word' id='word_1_334' title='bbox 814 3654 834 3697; x_wconf 91' lang='lat' dir='ltr'><strong>a</strong></span> <span class='ocrx_word' id='word_1_335' title='bbox 865 3654 930 3719; x_wconf 93' lang='lat' dir='ltr'><strong>quo</strong></span> <span class='ocrx_word' id='word_1_336' title='bbox 956 3654 1078 3699; x_wconf 91' lang='lat' dir='ltr'><strong>nomen</strong></span> <span class='ocrx_word' id='word_1_337' title='bbox 1106 3634 1205 3698; x_wconf 84' lang='lat' dir='ltr'><strong>traxit</strong></span> <span class='ocrx_word' id='word_1_338' title='bbox 1230 3633 1328 3698; x_wconf 91' lang='lat' dir='ltr'><strong>hodie</strong></span> <span class='ocrx_word' id='word_1_339' title='bbox 1358 3638 1548 3718; x_wconf 75' lang='lat' dir='ltr'><strong>usurpatiun</strong></span> <span class='ocrx_word' id='word_1_340' title='bbox 1577 3632 1753 3698; x_wconf 88' lang='lat' dir='ltr'><strong>Liberiani.</strong></span> <span class='ocrx_word' id='word_1_341' title='bbox 1799 3629 1937 3693; x_wconf 87' lang='lat' dir='ltr'><strong>Praeter</strong></span> <span class='ocrx_word' id='word_1_342' title='bbox 1966 3629 2031 3693; x_wconf 88' lang='lat' dir='ltr'><strong>alie</strong></span> 
     </span>
     <span class='ocr_line' id='line_1_32' title="bbox 372 3734 2032 3825; baseline -0.004 -22"><span class='ocrx_word' id='word_1_343' title='bbox 372 3736 585 3803; x_wconf 89' lang='lat' dir='ltr'><strong>communiter</strong></span> <span class='ocrx_word' id='word_1_344' title='bbox 601 3736 693 3801; x_wconf 91' lang='lat' dir='ltr'><strong>utilia</strong></span> <span class='ocrx_word' id='word_1_345' title='bbox 712 3737 916 3802; x_wconf 89' lang='lat' dir='ltr'><strong>continentur</strong></span> <span class='ocrx_word' id='word_1_346' title='bbox 932 3758 972 3802; x_wconf 93' lang='lat' dir='ltr'><strong>eo</strong></span> <span class='ocrx_word' id='word_1_347' title='bbox 992 3739 1159 3825; x_wconf 87' lang='lat' dir='ltr'><strong>complura</strong></span> <span class='ocrx_word' id='word_1_348' title='bbox 1181 3738 1362 3824; x_wconf 88' lang='lat' dir='ltr'><strong>spectantia</strong></span> <span class='ocrx_word' id='word_1_349' title='bbox 1379 3736 1423 3802; x_wconf 89' lang='lat' dir='ltr'><strong>ad</strong></span> <span class='ocrx_word' id='word_1_350' title='bbox 1440 3736 1556 3802; x_wconf 89' lang='lat' dir='ltr'><strong>urbem</strong></span> <span class='ocrx_word' id='word_1_351' title='bbox 1571 3735 1725 3801; x_wconf 87' lang='lat' dir='ltr'><strong>Romam:</strong></span> <span class='ocrx_word' id='word_1_352' title='bbox 1746 3734 1920 3799; x_wconf 86' lang='lat' dir='ltr'><strong>laterculus</strong></span> <span class='ocrx_word' id='word_1_353' title='bbox 1936 3753 2032 3818; x_wconf 90' lang='lat' dir='ltr'><strong>pree-</strong></span> 
     </span>
     <span class='ocr_line' id='line_1_33' title="bbox 373 3838 2030 3931; baseline -0.004 -23"><span class='ocrx_word' id='word_1_354' title='bbox 373 3843 531 3908; x_wconf 89' lang='lat' dir='ltr'><strong>fectorum</strong></span> <span class='ocrx_word' id='word_1_355' title='bbox 553 3841 635 3924; x_wconf 90' lang='lat' dir='ltr'><strong>urbi,</strong></span> <span class='ocrx_word' id='word_1_356' title='bbox 660 3841 729 3907; x_wconf 92' lang='lat' dir='ltr'><strong>dies</strong></span> <span class='ocrx_word' id='word_1_357' title='bbox 753 3841 991 3929; x_wconf 89' lang='lat' dir='ltr'><strong>depositionum</strong></span> <span class='ocrx_word' id='word_1_358' title='bbox 1015 3845 1242 3931; x_wconf 88' lang='lat' dir='ltr'><strong>episcoporum</strong></span> <span class='ocrx_word' id='word_1_359' title='bbox 1265 3844 1334 3908; x_wconf 90' lang='lat' dir='ltr'><strong>eius</strong></span> <span class='ocrx_word' id='word_1_360' title='bbox 1356 3842 1494 3907; x_wconf 81' lang='lat' dir='ltr'><strong>ahuoio</strong></span> <span class='ocrx_word' id='word_1_361' title='bbox 1516 3841 1559 3906; x_wconf 91' lang='lat' dir='ltr'><strong>ad</strong></span> <span class='ocrx_word' id='word_1_362' title='bbox 1580 3841 1709 3922; x_wconf 92' lang='lat' dir='ltr'><strong>Iulium,</strong></span> <span class='ocrx_word' id='word_1_363' title='bbox 1733 3839 1847 3904; x_wconf 89' lang='lat' dir='ltr'><strong>feriale</strong></span> <span class='ocrx_word' id='word_1_364' title='bbox 1871 3838 2030 3903; x_wconf 90' lang='lat' dir='ltr'><strong>ecclesiae</strong></span> 
     </span>
     <span class='ocr_line' id='line_1_34' title="bbox 373 3942 2033 4035; baseline -0.004 -23"><span class='ocrx_word' id='word_1_365' title='bbox 373 3947 560 4028; x_wconf 85' lang='lat' dir='ltr'><strong>Romanae,</strong></span> <span class='ocrx_word' id='word_1_366' title='bbox 590 3945 765 4011; x_wconf 90' lang='lat' dir='ltr'><strong>laterculus</strong></span> <span class='ocrx_word' id='word_1_367' title='bbox 796 3948 1022 4034; x_wconf 89' lang='lat' dir='ltr'><strong>episcoporum</strong></span> <span class='ocrx_word' id='word_1_368' title='bbox 1051 3969 1123 4013; x_wconf 92' lang='lat' dir='ltr'><strong>oum</strong></span> <span class='ocrx_word' id='word_1_369' title='bbox 1153 3948 1264 4035; x_wconf 90' lang='lat' dir='ltr'><strong>spatiis</strong></span> <span class='ocrx_word' id='word_1_370' title='bbox 1294 3947 1359 4011; x_wconf 91' lang='lat' dir='ltr'><strong>suis</strong></span> <span class='ocrx_word' id='word_1_371' title='bbox 1389 3945 1574 4033; x_wconf 87' lang='lat' dir='ltr'><strong>gestisque,</strong></span> <span class='ocrx_word' id='word_1_372' title='bbox 1605 3944 1744 4032; x_wconf 90' lang='lat' dir='ltr'><strong>denique</strong></span> <span class='ocrx_word' id='word_1_373' title='bbox 1768 3943 1919 4009; x_wconf 88' lang='lat' dir='ltr'><strong>ehronioa</strong></span> <span class='ocrx_word' id='word_1_374' title='bbox 1945 3942 2033 4007; x_wconf 91' lang='lat' dir='ltr'><strong>urbis</strong></span> 
     </span>
     <span class='ocr_line' id='line_1_35' title="bbox 373 4046 2032 4138; baseline -0.003 -22"><span class='ocrx_word' id='word_1_375' title='bbox 373 4052 499 4116; x_wconf 89' lang='lat' dir='ltr'><strong>Romae</strong></span> <span class='ocrx_word' id='word_1_376' title='bbox 528 4051 758 4136; x_wconf 88' lang='lat' dir='ltr'><strong>imperatoriae</strong></span> <span class='ocrx_word' id='word_1_377' title='bbox 794 4052 998 4138; x_wconf 89' lang='lat' dir='ltr'><strong>potissimum</strong></span> <span class='ocrx_word' id='word_1_378' title='bbox 1032 4052 1148 4117; x_wconf 86' lang='lat' dir='ltr'><strong>aetatis</strong></span> <span class='ocrx_word' id='word_1_379' title='bbox 1180 4051 1309 4138; x_wconf 91' lang='lat' dir='ltr'><strong>digesta</strong></span> <span class='ocrx_word' id='word_1_380' title='bbox 1339 4049 1382 4114; x_wconf 89' lang='lat' dir='ltr'><strong>sd</strong></span> <span class='ocrx_word' id='word_1_381' title='bbox 1408 4051 1641 4136; x_wconf 89' lang='lat' dir='ltr'><strong>imperatorum</strong></span> <span class='ocrx_word' id='word_1_382' title='bbox 1675 4056 1833 4136; x_wconf 88' lang='lat' dir='ltr'><strong>tempora.</strong></span> <span class='ocrx_word' id='word_1_383' title='bbox 1886 4046 2032 4112; x_wconf 77' lang='lat' dir='ltr'><strong>Chrono-</strong></span> 
     </span>
     <span class='ocr_line' id='line_1_36' title="bbox 374 4151 2032 4243; baseline -0.002 -23"><span class='ocrx_word' id='word_1_384' title='bbox 374 4155 510 4243; x_wconf 90' lang='lat' dir='ltr'><strong>grsphie</strong></span> <span class='ocrx_word' id='word_1_385' title='bbox 530 4159 601 4218; x_wconf 91' lang='lat' dir='ltr'><strong>tota</strong></span> <span class='ocrx_word' id='word_1_386' title='bbox 624 4175 696 4220; x_wconf 89' lang='lat' dir='ltr'><strong>cum</strong></span> <span class='ocrx_word' id='word_1_387' title='bbox 725 4154 813 4220; x_wconf 91' lang='lat' dir='ltr'><strong>edita</strong></span> <span class='ocrx_word' id='word_1_388' title='bbox 843 4157 885 4221; x_wconf 92' lang='lat' dir='ltr'><strong>sit</strong></span> <span class='ocrx_word' id='word_1_389' title='bbox 913 4156 947 4220; x_wconf 91' lang='lat' dir='ltr'><strong>in</strong></span> <span class='ocrx_word' id='word_1_390' title='bbox 975 4156 1080 4243; x_wconf 92' lang='lat' dir='ltr'><strong>primo</strong></span> <span class='ocrx_word' id='word_1_391' title='bbox 1107 4156 1271 4221; x_wconf 79' lang='lat' dir='ltr'><strong>uolumine</strong></span> <span class='ocrx_word' id='word_1_392' title='bbox 1301 4153 1522 4219; x_wconf 89' lang='lat' dir='ltr'><strong>chronicorum</strong></span> <span class='ocrx_word' id='word_1_393' title='bbox 1553 4159 1734 4219; x_wconf 90' lang='lat' dir='ltr'><strong>nostrorum</strong></span> <span class='ocrx_word' id='word_1_394' title='bbox 1756 4153 1931 4232; x_wconf 83' lang='lat' dir='ltr'><strong>minorum,</strong></span> <span class='ocrx_word' id='word_1_395' title='bbox 1963 4151 2032 4238; x_wconf 89' lang='lat' dir='ltr'><strong>epi-</strong></span> 
     </span>
     <span class='ocr_line' id='line_1_37' title="bbox 374 4255 2033 4347; baseline -0.004 -21"><span class='ocrx_word' id='word_1_396' title='bbox 374 4279 545 4347; x_wconf 89' lang='lat' dir='ltr'><strong>scoporum</strong></span> <span class='ocrx_word' id='word_1_397' title='bbox 568 4278 737 4324; x_wconf 88' lang='lat' dir='ltr'><strong>recensum</strong></span> <span class='ocrx_word' id='word_1_398' title='bbox 759 4257 794 4342; x_wconf 92' lang='lat' dir='ltr'><strong>(l.</strong></span> <span class='ocrx_word' id='word_1_399' title='bbox 811 4280 838 4323; x_wconf 90' lang='lat' dir='ltr'><strong>c.</strong></span> <span class='ocrx_word' id='word_1_400' title='bbox 862 4279 894 4344; x_wconf 92' lang='lat' dir='ltr'><strong>p.</strong></span> <span class='ocrx_word' id='word_1_401' title='bbox 912 4259 1054 4344; x_wconf 86' lang='grc'>73-76)</span> <span class='ocrx_word' id='word_1_402' title='bbox 1083 4279 1147 4323; x_wconf 91' lang='lat' dir='ltr'><strong>non</strong></span> <span class='ocrx_word' id='word_1_403' title='bbox 1169 4259 1345 4345; x_wconf 90' lang='lat' dir='ltr'><strong>repetimus</strong></span> <span class='ocrx_word' id='word_1_404' title='bbox 1368 4257 1587 4340; x_wconf 87' lang='lat' dir='ltr'><strong>coniunctum,</strong></span> <span class='ocrx_word' id='word_1_405' title='bbox 1617 4256 1677 4322; x_wconf 88' lang='lat' dir='ltr'><strong>sed</strong></span> <span class='ocrx_word' id='word_1_406' title='bbox 1704 4263 1738 4321; x_wconf 93' lang='lat' dir='ltr'><strong>et</strong></span> <span class='ocrx_word' id='word_1_407' title='bbox 1765 4257 1798 4322; x_wconf 94' lang='lat' dir='ltr'><strong>in</strong></span> <span class='ocrx_word' id='word_1_408' title='bbox 1828 4260 1970 4320; x_wconf 66' lang='lat' dir='ltr'><strong>tractmu</strong></span> <span class='ocrx_word' id='word_1_409' title='bbox 1992 4255 2033 4320; x_wconf 93' lang='lat' dir='ltr'><strong>de</strong></span> 
     </span>
     <span class='ocr_line' id='line_1_38' title="bbox 374 4360 2035 4451; baseline -0.004 -21"><span class='ocrx_word' id='word_1_410' title='bbox 374 4365 486 4451; x_wconf 91' lang='lat' dir='ltr'><strong>spatiis</strong></span> <span class='ocrx_word' id='word_1_411' title='bbox 514 4363 739 4450; x_wconf 90' lang='lat' dir='ltr'><strong>episcoporum</strong></span> <span class='ocrx_word' id='word_1_412' title='bbox 766 4360 865 4449; x_wconf 89' lang='lat' dir='ltr'><strong>(infra</strong></span> <span class='ocrx_word' id='word_1_413' title='bbox 894 4384 926 4449; x_wconf 90' lang='lat' dir='ltr'><strong>p.</strong></span> <span class='ocrx_word' id='word_1_414' title='bbox 947 4360 1249 4449; x_wconf 83' lang='lat' dir='ltr'>XLIII—XLVII)</span> <span class='ocrx_word' id='word_1_415' title='bbox 1278 4362 1453 4428; x_wconf 85' lang='lat' dir='ltr'><strong>Liberiana</strong></span> <span class='ocrx_word' id='word_1_416' title='bbox 1484 4383 1557 4426; x_wconf 92' lang='lat' dir='ltr'><strong>cum</strong></span> <span class='ocrx_word' id='word_1_417' title='bbox 1584 4361 1716 4448; x_wconf 88' lang='lat' dir='ltr'><strong>reliquis</strong></span> <span class='ocrx_word' id='word_1_418' title='bbox 1739 4361 1980 4448; x_wconf 86' lang='lat' dir='ltr'><strong>composuimus</strong></span> <span class='ocrx_word' id='word_1_419' title='bbox 2001 4366 2035 4424; x_wconf 92' lang='lat' dir='ltr'><strong>et</strong></span> 
     </span>
     <span class='ocr_line' id='line_1_39' title="bbox 373 4464 2032 4556; baseline -0.004 -21"><span class='ocrx_word' id='word_1_420' title='bbox 373 4472 480 4556; x_wconf 92' lang='lat' dir='ltr'><strong>ipsum</strong></span> <span class='ocrx_word' id='word_1_421' title='bbox 496 4468 680 4554; x_wconf 86' lang='lat' dir='ltr'><strong>catalogum</strong></span> <span class='ocrx_word' id='word_1_422' title='bbox 703 4467 904 4533; x_wconf 84' lang='lat' dir='ltr'><strong>adnotationi</strong></span> <span class='ocrx_word' id='word_1_423' title='bbox 926 4473 1056 4534; x_wconf 86' lang='lat' dir='ltr'><strong>nostrae</strong></span> <span class='ocrx_word' id='word_1_424' title='bbox 1079 4470 1241 4555; x_wconf 89' lang='lat' dir='ltr'><strong>integrum</strong></span> <span class='ocrx_word' id='word_1_425' title='bbox 1264 4467 1456 4532; x_wconf 86' lang='lat' dir='ltr'><strong>Insenrimus</strong></span> <span class='ocrx_word' id='word_1_426' title='bbox 1479 4466 1521 4532; x_wconf 90' lang='lat' dir='ltr'><strong>ad</strong></span> <span class='ocrx_word' id='word_1_427' title='bbox 1540 4467 1684 4552; x_wconf 90' lang='lat' dir='ltr'><strong>singulos</strong></span> <span class='ocrx_word' id='word_1_428' title='bbox 1701 4468 1871 4553; x_wconf 89' lang='lat' dir='ltr'><strong>episcopos</strong></span> <span class='ocrx_word' id='word_1_429' title='bbox 1887 4464 2032 4530; x_wconf 80' lang='lat' dir='ltr'><strong>divisum.</strong></span> 
     </span>
    </p>

    <p class='ocr_par' dir='ltr' id='par_1_5' title="bbox 375 4569 2035 5180">
     <span class='ocr_line' id='line_1_40' title="bbox 480 4569 2032 4659; baseline -0.003 -22"><span class='ocrx_word' id='word_1_430' title='bbox 480 4571 608 4658; x_wconf 77' lang='lat' dir='ltr'><strong>Corpus</strong></span> <span class='ocrx_word' id='word_1_431' title='bbox 629 4573 785 4654; x_wconf 83' lang='lat' dir='ltr'><strong>vitarum,</strong></span> <span class='ocrx_word' id='word_1_432' title='bbox 809 4572 897 4659; x_wconf 93' lang='lat' dir='ltr'><strong>quod</strong></span> <span class='ocrx_word' id='word_1_433' title='bbox 920 4571 1059 4638; x_wconf 84' lang='lat' dir='ltr'><strong>diximus</strong></span> <span class='ocrx_word' id='word_1_434' title='bbox 1082 4573 1186 4638; x_wconf 93' lang='lat' dir='ltr'><strong>simile</strong></span> <span class='ocrx_word' id='word_1_435' title='bbox 1210 4593 1281 4638; x_wconf 91' lang='lat' dir='ltr'><strong>esse</strong></span> <span class='ocrx_word' id='word_1_436' title='bbox 1304 4571 1509 4652; x_wconf 81' lang='lat' dir='ltr'><strong>Damasiani,</strong></span> <span class='ocrx_word' id='word_1_437' title='bbox 1540 4571 1634 4636; x_wconf 90' lang='lat' dir='ltr'><strong>nobis</strong></span> <span class='ocrx_word' id='word_1_438' title='bbox 1657 4571 1859 4658; x_wconf 88' lang='lat' dir='ltr'><strong>appellatum</strong></span> <span class='ocrx_word' id='word_1_439' title='bbox 1884 4569 2032 4656; x_wconf 83' lang='lat' dir='ltr'><strong>Symma-</strong></span> 
     </span>
     <span class='ocr_line' id='line_1_41' title="bbox 376 4673 2033 4762; baseline -0.003 -19"><span class='ocrx_word' id='word_1_440' title='bbox 376 4677 535 4758; x_wconf 87' lang='lat' dir='ltr'><strong>chianum,</strong></span> <span class='ocrx_word' id='word_1_441' title='bbox 558 4696 622 4740; x_wconf 94' lang='lat' dir='ltr'><strong>non</strong></span> <span class='ocrx_word' id='word_1_442' title='bbox 644 4677 805 4762; x_wconf 89' lang='lat' dir='ltr'><strong>integrum</strong></span> <span class='ocrx_word' id='word_1_443' title='bbox 829 4676 872 4741; x_wconf 88' lang='lat' dir='ltr'><strong>ad</strong></span> <span class='ocrx_word' id='word_1_444' title='bbox 893 4697 952 4741; x_wconf 86' lang='lat' dir='ltr'><strong>nos</strong></span> <span class='ocrx_word' id='word_1_445' title='bbox 974 4677 1132 4762; x_wconf 81' lang='lat' dir='ltr'><strong>pervenit.</strong></span> <span class='ocrx_word' id='word_1_446' title='bbox 1171 4675 1321 4741; x_wconf 76' lang='lat' dir='ltr'><strong>Servavit</strong></span> <span class='ocrx_word' id='word_1_447' title='bbox 1343 4680 1470 4761; x_wconf 91' lang='lat' dir='ltr'><strong>partem</strong></span> <span class='ocrx_word' id='word_1_448' title='bbox 1494 4675 1563 4740; x_wconf 91' lang='lat' dir='ltr'><strong>eius</strong></span> <span class='ocrx_word' id='word_1_449' title='bbox 1584 4681 1765 4741; x_wconf 88' lang='lat' dir='ltr'><strong>extremam</strong></span> <span class='ocrx_word' id='word_1_450' title='bbox 1788 4675 1894 4740; x_wconf 87' lang='lat' dir='ltr'><strong>codex</strong></span> <span class='ocrx_word' id='word_1_451' title='bbox 1917 4673 2033 4739; x_wconf 90' lang='lat' dir='ltr'><strong>biblio-</strong></span> 
     </span>
     <span class='ocr_line' id='line_1_42' title="bbox 375 4777 2033 4867; baseline -0.002 -23"><span class='ocrx_word' id='word_1_452' title='bbox 375 4780 492 4845; x_wconf 89' lang='lat' dir='ltr'><strong>thecae</strong></span> <span class='ocrx_word' id='word_1_453' title='bbox 508 4780 692 4867; x_wconf 90' lang='lat' dir='ltr'><strong>capitularis</strong></span> <span class='ocrx_word' id='word_1_454' title='bbox 703 4779 902 4844; x_wconf 90' lang='lat' dir='ltr'><strong>Veronensis</strong></span> <span class='ocrx_word' id='word_1_455' title='bbox 924 4801 954 4844; x_wconf 96' lang='lat' dir='ltr'><strong>n.</strong></span> <span class='ocrx_word' id='word_1_456' title='bbox 971 4779 1072 4844; x_wconf 86' lang='lat' dir='ltr'>XXII</span> <span class='ocrx_word' id='word_1_457' title='bbox 1088 4777 1159 4866; x_wconf 81' lang='lat'>(20)</span> <span class='ocrx_word' id='word_1_458' title='bbox 1182 4800 1266 4844; x_wconf 89' lang='lat' dir='ltr'><strong>saec.</strong></span> <span class='ocrx_word' id='word_1_459' title='bbox 1279 4778 1329 4843; x_wconf 90' lang='lat' dir='ltr'><strong>VI</strong></span> <span class='ocrx_word' id='word_1_460' title='bbox 1350 4779 1572 4865; x_wconf 89' lang='lat' dir='ltr'><strong>potiusquam</strong></span> <span class='ocrx_word' id='word_1_461' title='bbox 1589 4777 1662 4843; x_wconf 85' lang='lat' dir='ltr'><strong>VII.</strong></span> <span class='ocrx_word' id='word_1_462' title='bbox 1702 4778 1885 4843; x_wconf 87' lang='lat' dir='ltr'><strong>Deficiente</strong></span> <span class='ocrx_word' id='word_1_463' title='bbox 1902 4783 2033 4863; x_wconf 88' lang='lat' dir='ltr'><strong>quater-</strong></span> 
     </span>
     <span class='ocr_line' id='line_1_43' title="bbox 376 4879 2035 4971; baseline -0.003 -23"><span class='ocrx_word' id='word_1_464' title='bbox 376 4885 472 4949; x_wconf 90' lang='lat' dir='ltr'><strong>nione</strong></span> <span class='ocrx_word' id='word_1_465' title='bbox 503 4885 607 4970; x_wconf 92' lang='lat' dir='ltr'><strong>primo</strong></span> <span class='ocrx_word' id='word_1_466' title='bbox 639 4890 673 4950; x_wconf 92' lang='lat' dir='ltr'><strong>et</strong></span> <span class='ocrx_word' id='word_1_467' title='bbox 699 4885 803 4971; x_wconf 89' lang='lat' dir='ltr'><strong>primo</strong></span> <span class='ocrx_word' id='word_1_468' title='bbox 833 4885 911 4949; x_wconf 93' lang='lat' dir='ltr'><strong>folio</strong></span> <span class='ocrx_word' id='word_1_469' title='bbox 944 4884 1031 4970; x_wconf 90' lang='lat' dir='ltr'><strong>(cum</strong></span> <span class='ocrx_word' id='word_1_470' title='bbox 1062 4885 1189 4966; x_wconf 79' lang='lat' dir='ltr'><strong>octavo)</strong></span> <span class='ocrx_word' id='word_1_471' title='bbox 1223 4883 1442 4970; x_wconf 89' lang='lat' dir='ltr'><strong>quaternionis</strong></span> <span class='ocrx_word' id='word_1_472' title='bbox 1475 4881 1607 4947; x_wconf 90' lang='lat' dir='ltr'><strong>secundi</strong></span> <span class='ocrx_word' id='word_1_473' title='bbox 1639 4881 1785 4948; x_wconf 88' lang='lat' dir='ltr'><strong>eiusdem</strong></span> <span class='ocrx_word' id='word_1_474' title='bbox 1816 4879 2035 4968; x_wconf 89' lang='lat' dir='ltr'><strong>quaternionis</strong></span> 
     </span>
     <span class='ocr_line' id='line_1_44' title="bbox 376 4985 2033 5076; baseline -0.002 -25"><span class='ocrx_word' id='word_1_475' title='bbox 376 4988 455 5052; x_wconf 90' lang='lat' dir='ltr'><strong>folia</strong></span> <span class='ocrx_word' id='word_1_476' title='bbox 471 4989 647 5054; x_wconf 89' lang='lat' dir='ltr'><strong>secundum</strong></span> <span class='ocrx_word' id='word_1_477' title='bbox 670 4990 801 5054; x_wconf 90' lang='lat' dir='ltr'><strong>tertium</strong></span> <span class='ocrx_word' id='word_1_478' title='bbox 825 4995 983 5076; x_wconf 88' lang='lat' dir='ltr'><strong>quartum,</strong></span> <span class='ocrx_word' id='word_1_479' title='bbox 1007 4990 1096 5054; x_wconf 90' lang='lat' dir='ltr'><strong>euius</strong></span> <span class='ocrx_word' id='word_1_480' title='bbox 1117 4989 1238 5076; x_wconf 90' lang='lat' dir='ltr'><strong>pagina</strong></span> <span class='ocrx_word' id='word_1_481' title='bbox 1261 4988 1363 5052; x_wconf 89' lang='lat' dir='ltr'><strong>altera</strong></span> <span class='ocrx_word' id='word_1_482' title='bbox 1385 4991 1455 5051; x_wconf 91' lang='lat' dir='ltr'><strong>tote</strong></span> <span class='ocrx_word' id='word_1_483' title='bbox 1477 4986 1546 5051; x_wconf 91' lang='lat' dir='ltr'><strong>fere</strong></span> <span class='ocrx_word' id='word_1_484' title='bbox 1570 4991 1679 5066; x_wconf 88' lang='lat' dir='ltr'><strong>vacat,</strong></span> <span class='ocrx_word' id='word_1_485' title='bbox 1708 4987 1873 5051; x_wconf 88' lang='lat' dir='ltr'><strong>continent</strong></span> <span class='ocrx_word' id='word_1_486' title='bbox 1895 4985 2033 5050; x_wconf 82' lang='lat' dir='ltr'><strong>vitarum</strong></span> 
     </span>
     <span class='ocr_line' id='line_1_45' title="bbox 377 5087 2034 5180; baseline -0.004 -23"><span class='ocrx_word' id='word_1_487' title='bbox 377 5093 604 5180; x_wconf 89' lang='lat' dir='ltr'><strong>episcoporum</strong></span> <span class='ocrx_word' id='word_1_488' title='bbox 619 5094 840 5159; x_wconf 86' lang='lat' dir='ltr'><strong>Romanorum</strong></span> <span class='ocrx_word' id='word_1_489' title='bbox 862 5099 989 5180; x_wconf 88' lang='lat' dir='ltr'><strong>partem</strong></span> <span class='ocrx_word' id='word_1_490' title='bbox 1006 5100 1187 5159; x_wconf 88' lang='lat' dir='ltr'><strong>extremam</strong></span> <span class='ocrx_word' id='word_1_491' title='bbox 1197 5115 1205 5170; x_wconf 92' lang='lat'>;</span> <span class='ocrx_word' id='word_1_492' title='bbox 1228 5093 1261 5156; x_wconf 95' lang='lat' dir='ltr'><strong>in</strong></span> <span class='ocrx_word' id='word_1_493' title='bbox 1283 5091 1362 5156; x_wconf 90' lang='lat' dir='ltr'><strong>folio</strong></span> <span class='ocrx_word' id='word_1_494' title='bbox 1378 5090 1466 5177; x_wconf 93' lang='lat' dir='ltr'><strong>quod</strong></span> <span class='ocrx_word' id='word_1_495' title='bbox 1481 5091 1635 5177; x_wconf 88' lang='lat' dir='ltr'><strong>sequitur,</strong></span> <span class='ocrx_word' id='word_1_496' title='bbox 1659 5089 1778 5156; x_wconf 87' lang='lat' dir='ltr'><strong>codicis</strong></span> <span class='ocrx_word' id='word_1_497' title='bbox 1794 5087 1891 5154; x_wconf 91' lang='lat' dir='ltr'><strong>hodie</strong></span> <span class='ocrx_word' id='word_1_498' title='bbox 1908 5094 2034 5180; x_wconf 83' lang='lat' dir='ltr'><strong>quarto,</strong></span> 
     </span>
    </p>
   </div>
   <div class='ocr_carea' id='block_1_3' title="bbox 378 5297 2038 5802">
    <p class='ocr_par' dir='ltr' id='par_1_6' title="bbox 378 5297 2038 5802">
     <span class='ocr_line' id='line_1_46' title="bbox 485 5297 2036 5368; baseline -0.003 -16"><span class='ocrx_word' id='word_1_499' title='bbox 485 5301 506 5368; x_wconf 79' lang='grc' dir='ltr'><strong>ι)</strong></span> <span class='ocrx_word' id='word_1_500' title='bbox 533 5303 573 5352; x_wconf 89' lang='lat' dir='ltr'><strong>De</strong></span> <span class='ocrx_word' id='word_1_501' title='bbox 596 5300 740 5367; x_wconf 78' lang='lat' dir='ltr'><strong>originibus</strong></span> <span class='ocrx_word' id='word_1_502' title='bbox 763 5299 887 5352; x_wconf 79' lang='lat' dir='ltr'><strong>ecclesiae</strong></span> <span class='ocrx_word' id='word_1_503' title='bbox 904 5301 1037 5352; x_wconf 83' lang='lat' dir='ltr'><strong>Romanas</strong></span> <span class='ocrx_word' id='word_1_504' title='bbox 1060 5306 1087 5352; x_wconf 87' lang='lat' dir='ltr'><strong>st</strong></span> <span class='ocrx_word' id='word_1_505' title='bbox 1107 5300 1255 5366; x_wconf 86' lang='lat' dir='ltr'><strong>nuperrime</strong></span> <span class='ocrx_word' id='word_1_506' title='bbox 1278 5306 1305 5352; x_wconf 86' lang='lat' dir='ltr'><strong>st</strong></span> <span class='ocrx_word' id='word_1_507' title='bbox 1325 5299 1402 5366; x_wconf 82' lang='lat' dir='ltr'><strong>plane</strong></span> <span class='ocrx_word' id='word_1_508' title='bbox 1428 5300 1531 5367; x_wconf 84' lang='lat' dir='ltr'><strong>egregie</strong></span> <span class='ocrx_word' id='word_1_509' title='bbox 1558 5299 1679 5366; x_wconf 86' lang='lat' dir='ltr'><strong>exposuit</strong></span> <span class='ocrx_word' id='word_1_510' title='bbox 1699 5299 1810 5350; x_wconf 78' lang='lat' dir='ltr'><strong>Adolfus</strong></span> <span class='ocrx_word' id='word_1_511' title='bbox 1833 5297 1958 5349; x_wconf 80' lang='lat' dir='ltr'><strong>Hsrnnclr</strong></span> <span class='ocrx_word' id='word_1_512' title='bbox 1983 5297 2036 5362; x_wconf 79' lang='lat' dir='ltr'><strong>(die</strong></span> 
     </span>
     <span class='ocr_line' id='line_1_47' title="bbox 378 5384 2035 5454; baseline -0.002 -15"><span class='ocrx_word' id='word_1_513' title='bbox 378 5389 485 5440; x_wconf 80' lang='lat' dir='ltr'><strong>dltesten</strong></span> <span class='ocrx_word' id='word_1_514' title='bbox 502 5386 665 5440; x_wconf 80' lang='lat' dir='ltr'><strong>christlicheo</strong></span> <span class='ocrx_word' id='word_1_515' title='bbox 678 5385 842 5453; x_wconf 69' lang='lat' dir='ltr'><strong>Daemeqen</strong></span> <span class='ocrx_word' id='word_1_516' title='bbox 858 5387 915 5438; x_wconf 80' lang='lat' dir='ltr'><strong>uad</strong></span> <span class='ocrx_word' id='word_1_517' title='bbox 932 5386 973 5438; x_wconf 78' lang='lat' dir='ltr'><strong>dfe</strong></span> <span class='ocrx_word' id='word_1_518' title='bbox 985 5385 1109 5454; x_wconf 74' lang='lat' dir='ltr'><strong>Aasdage</strong></span> <span class='ocrx_word' id='word_1_519' title='bbox 1126 5387 1197 5438; x_wconf 79' lang='lat' dir='ltr'><strong>cicer</strong></span> <span class='ocrx_word' id='word_1_520' title='bbox 1214 5385 1399 5454; x_wconf 78' lang='lat' dir='ltr'><strong>bisohdflichen</strong></span> <span class='ocrx_word' id='word_1_521' title='bbox 1414 5385 1625 5454; x_wconf 73' lang='lat' dir='ltr'><strong>Chrossoprepbfe</strong></span> <span class='ocrx_word' id='word_1_522' title='bbox 1641 5385 1670 5436; x_wconf 84' lang='lat' dir='ltr'><strong>ia</strong></span> <span class='ocrx_word' id='word_1_523' title='bbox 1681 5384 1748 5435; x_wconf 84' lang='lat' dir='ltr'><strong>Rom</strong></span> <span class='ocrx_word' id='word_1_524' title='bbox 1765 5385 1793 5436; x_wconf 91' lang='lat' dir='ltr'><strong>in</strong></span> <span class='ocrx_word' id='word_1_525' title='bbox 1810 5385 1875 5436; x_wconf 82' lang='lat' dir='ltr'><strong>actis</strong></span> <span class='ocrx_word' id='word_1_526' title='bbox 1893 5384 2035 5435; x_wconf 89' lang='lat' dir='ltr'><strong>minoribus</strong></span> 
     </span>
     <span class='ocr_line' id='line_1_48' title="bbox 378 5469 2036 5547; baseline -0.002 -21"><span class='ocrx_word' id='word_1_527' title='bbox 378 5475 524 5526; x_wconf 81' lang='lat' dir='ltr'><strong>academias</strong></span> <span class='ocrx_word' id='word_1_528' title='bbox 542 5473 715 5526; x_wconf 88' lang='lat' dir='ltr'><strong>Berolinensis</strong></span> <span class='ocrx_word' id='word_1_529' title='bbox 732 5489 756 5525; x_wconf 82' lang='lat' dir='ltr'><strong>a</strong></span> <span class='ocrx_word' id='word_1_530' title='bbox 770 5469 838 5524; x_wconf 82' lang='lat'>1892</span> <span class='ocrx_word' id='word_1_531' title='bbox 855 5489 880 5539; x_wconf 89' lang='lat' dir='ltr'><strong>p.</strong></span> <span class='ocrx_word' id='word_1_532' title='bbox 894 5470 1043 5535; x_wconf 80' lang='lat'><strong>617-658;</strong></span> <span class='ocrx_word' id='word_1_533' title='bbox 1067 5474 1238 5525; x_wconf 85' lang='lat' dir='ltr'><strong>conferendus</strong></span> <span class='ocrx_word' id='word_1_534' title='bbox 1259 5475 1321 5526; x_wconf 88' lang='lat' dir='ltr'><strong>item</strong></span> <span class='ocrx_word' id='word_1_535' title='bbox 1345 5475 1543 5526; x_wconf 77' lang='lat' dir='ltr'><strong>commentarius</strong></span> <span class='ocrx_word' id='word_1_536' title='bbox 1560 5471 1698 5547; x_wconf 79' lang='lat' dir='ltr'><strong>cardinalis</strong></span> <span class='ocrx_word' id='word_1_537' title='bbox 1721 5472 1853 5525; x_wconf 76' lang='lat' dir='ltr'><strong>Fnuoisei</strong></span> <span class='ocrx_word' id='word_1_538' title='bbox 1871 5472 1973 5537; x_wconf 81' lang='lat' dir='ltr'><strong>Segnae</strong></span> <span class='ocrx_word' id='word_1_539' title='bbox 1997 5473 2036 5522; x_wconf 79' lang='lat' dir='ltr'><strong>‘de</strong></span> 
     </span>
     <span class='ocr_line' id='line_1_49' title="bbox 378 5559 2038 5628; baseline -0.004 -13"><span class='ocrx_word' id='word_1_540' title='bbox 378 5562 542 5615; x_wconf 85' lang='lat' dir='ltr'><strong>successione</strong></span> <span class='ocrx_word' id='word_1_541' title='bbox 559 5563 734 5613; x_wconf 84' lang='lat' dir='ltr'><strong>Romanorum</strong></span> <span class='ocrx_word' id='word_1_542' title='bbox 756 5561 916 5628; x_wconf 87' lang='lat' dir='ltr'><strong>pontificum&#39;</strong></span> <span class='ocrx_word' id='word_1_543' title='bbox 934 5561 1018 5613; x_wconf 87' lang='lat' dir='ltr'><strong>editus</strong></span> <span class='ocrx_word' id='word_1_544' title='bbox 1036 5562 1131 5612; x_wconf 82' lang='lat' dir='ltr'><strong>Romae</strong></span> <span class='ocrx_word' id='word_1_545' title='bbox 1148 5577 1173 5612; x_wconf 90' lang='lat' dir='ltr'><strong>a.</strong></span> <span class='ocrx_word' id='word_1_546' title='bbox 1186 5559 1272 5627; x_wconf 79' lang='grc'>1897).</span> <span class='ocrx_word' id='word_1_547' title='bbox 1307 5562 1360 5614; x_wconf 88' lang='lat' dir='ltr'><strong>Mei</strong></span> <span class='ocrx_word' id='word_1_548' title='bbox 1377 5561 1479 5614; x_wconf 85' lang='lat' dir='ltr'><strong>labores</strong></span> <span class='ocrx_word' id='word_1_549' title='bbox 1497 5561 1567 5627; x_wconf 91' lang='lat' dir='ltr'><strong>quod</strong></span> <span class='ocrx_word' id='word_1_550' title='bbox 1583 5575 1636 5610; x_wconf 92' lang='lat' dir='ltr'><strong>non</strong></span> <span class='ocrx_word' id='word_1_551' title='bbox 1656 5565 1711 5610; x_wconf 83' lang='lat' dir='ltr'><strong>tam</strong></span> <span class='ocrx_word' id='word_1_552' title='bbox 1732 5559 1877 5626; x_wconf 83' lang='lat' dir='ltr'><strong>imperfecti</strong></span> <span class='ocrx_word' id='word_1_553' title='bbox 1898 5566 2038 5610; x_wconf 85' lang='lat' dir='ltr'><strong>evaserunt</strong></span> 
     </span>
     <span class='ocr_line' id='line_1_50' title="bbox 378 5645 2036 5716; baseline -0.004 -14"><span class='ocrx_word' id='word_1_554' title='bbox 378 5666 456 5716; x_wconf 87' lang='lat' dir='ltr'><strong>qnam</strong></span> <span class='ocrx_word' id='word_1_555' title='bbox 478 5648 665 5716; x_wconf 82' lang='lat' dir='ltr'><strong>expectandum</strong></span> <span class='ocrx_word' id='word_1_556' title='bbox 683 5648 734 5700; x_wconf 86' lang='lat' dir='ltr'><strong>fnit</strong></span> <span class='ocrx_word' id='word_1_557' title='bbox 751 5649 778 5698; x_wconf 89' lang='lat' dir='ltr'><strong>in</strong></span> <span class='ocrx_word' id='word_1_558' title='bbox 795 5647 863 5700; x_wconf 84' lang='lat' dir='ltr'><strong>libro</strong></span> <span class='ocrx_word' id='word_1_559' title='bbox 880 5647 1054 5700; x_wconf 85' lang='lat' dir='ltr'><strong>eeclesiastico</strong></span> <span class='ocrx_word' id='word_1_560' title='bbox 1072 5648 1105 5700; x_wconf 83' lang='lat' dir='ltr'><strong>ab</strong></span> <span class='ocrx_word' id='word_1_561' title='bbox 1123 5648 1226 5700; x_wconf 90' lang='lat' dir='ltr'><strong>homins</strong></span> <span class='ocrx_word' id='word_1_562' title='bbox 1244 5648 1349 5701; x_wconf 87' lang='lat' dir='ltr'><strong>mimine</strong></span> <span class='ocrx_word' id='word_1_563' title='bbox 1366 5648 1539 5700; x_wconf 75' lang='lat' dir='ltr'><strong>ecdmisstico</strong></span> <span class='ocrx_word' id='word_1_564' title='bbox 1557 5645 1690 5709; x_wconf 78' lang='lat' dir='ltr'><strong>recensito,</strong></span> <span class='ocrx_word' id='word_1_565' title='bbox 1714 5663 1744 5698; x_wconf 90' lang='lat' dir='ltr'><strong>eo</strong></span> <span class='ocrx_word' id='word_1_566' title='bbox 1762 5646 1882 5699; x_wconf 84' lang='lat' dir='ltr'><strong>effectum</strong></span> <span class='ocrx_word' id='word_1_567' title='bbox 1900 5651 1947 5708; x_wconf 89' lang='lat' dir='ltr'><strong>est,</strong></span> <span class='ocrx_word' id='word_1_568' title='bbox 1968 5645 2036 5710; x_wconf 88' lang='lat' dir='ltr'><strong>quod</strong></span> 
     </span>
     <span class='ocr_line' id='line_1_51' title="bbox 379 5733 1419 5802; baseline -0.001 -15"><span class='ocrx_word' id='word_1_569' title='bbox 379 5736 488 5787; x_wconf 91' lang='lat' dir='ltr'><strong>eundem</strong></span> <span class='ocrx_word' id='word_1_570' title='bbox 506 5734 686 5786; x_wconf 78' lang='lat' dir='ltr'><strong>Harnmlrium</strong></span> <span class='ocrx_word' id='word_1_571' title='bbox 705 5734 732 5784; x_wconf 93' lang='lat' dir='ltr'><strong>in</strong></span> <span class='ocrx_word' id='word_1_572' title='bbox 750 5734 851 5801; x_wconf 85' lang='lat' dir='ltr'><strong>magnis</strong></span> <span class='ocrx_word' id='word_1_573' title='bbox 869 5733 1027 5799; x_wconf 88' lang='lat' dir='ltr'><strong>minutisque</strong></span> <span class='ocrx_word' id='word_1_574' title='bbox 1044 5739 1168 5801; x_wconf 86' lang='lat' dir='ltr'><strong>perpetuo</strong></span> <span class='ocrx_word' id='word_1_575' title='bbox 1185 5734 1320 5787; x_wconf 88' lang='lat' dir='ltr'><strong>consulere</strong></span> <span class='ocrx_word' id='word_1_576' title='bbox 1337 5733 1419 5802; x_wconf 89' lang='lat' dir='ltr'><strong>potui.</strong></span> 
     </span>
    </p>
   </div>
   <div class='ocr_carea' id='block_1_4' title="bbox 0 0 2285 6420">
    <p class='ocr_par' dir='ltr' id='par_1_7' title="bbox 0 0 2285 6420">
     <span class='ocr_line' id='line_1_52' title="bbox 0 0 2285 6420; baseline 0 0"><span class='ocrx_word' id='word_1_577' title='bbox 0 0 2285 6420; x_wconf 95' lang='lat' dir='ltr'><strong> </strong></span> 
     </span>
    </p>
   </div>
  </div>
 </body>
</html>
