4538 6420
341 337 402 394 LIV
1023 339 1306 396 PRCLEGOMENA.

446 515 492 582 Hi
514 516 639 582 numeri
662 536 727 581 non
749 514 792 582 ad
814 514 968 582 amussim
990 513 1196 598 concordant,
1220 514 1280 580 sed
1302 514 1506 601 aliquatenus
1529 514 1723 581 conveniunt
1746 519 1780 580 et
1802 515 1886 581 inter
1906 535 1941 580 se
1965 519 2003 580 et

342 641 415 687 cum
438 621 562 708 reliqua
584 641 691 688 rerum
714 621 829 686 notitia
850 621 944 686 nobis
967 619 1095 686 tradita.
1142 619 1290 684 Cessavit
1304 621 1511 707 episcopatus
1526 625 1601 707 post
1616 618 1840 685 Marcellinum
1857 619 2001 684 occisum

341 746 448 812 neque
477 724 597 791 diserte
628 725 779 807 traditur,
807 725 937 812 quando
961 723 1135 790 Christiani
1163 725 1197 788 in
1226 723 1306 788 urbe
1334 723 1441 788 Roma
1471 723 1513 789 ad
1536 723 1724 812 episcopum
1747 745 1856 790 rursus
1885 745 2001 790 crean-

341 829 432 912 dum,
462 831 586 896 seilicet
613 829 805 912 Eusebium,
837 829 961 894 animm
991 828 1217 894 conflrmarInt.
1275 825 1341 893 Sed
1374 847 1447 892 cum
1477 817 1694 914 persecutioni
1723 829 1756 894 in
1783 829 1864 894 urbe
1891 827 2001 894 Roma

342 933 439 1000 linem
462 935 651 1022 imposuerit
680 933 867 998 Maxentius
895 939 928 998 et
954 933 981 998 is
1010 933 1098 998 bona
1126 931 1336 998 ecelesiarum
1361 931 1616 998 Christianarum
1640 933 1814 1000 confiscate
1845 930 1999 998 reddide-

341 1038 383 1104 rit
402 1039 555 1126 episeopo
571 1036 709 1104 Miltiadi
720 1036 756 1124 ¹),
779 1036 823 1102 sd
846 1037 914 1103 eius
937 1042 1086 1124 tempora
1110 1057 1163 1102 res
1186 1035 1354 1122 redigitur.
1401 1035 1620 1102 Crdiuationis
1635 1035 1791 1104 Miltiadis
1814 1057 1886 1103 curu
1910 1035 1999 1102 diem

342 1143 527 1208 noverimus
549 1163 610 1208 nec
625 1161 825 1227 magnopere
848 1140 1000 1206 differant
1023 1161 1107 1228 quae
1131 1138 1172 1205 de
1189 1139 1334 1222 Eusebii,
1359 1141 1409 1206 cui
1426 1139 1590 1206 Miltiades
1606 1143 1773 1224 suecessIt,
1796 1141 1999 1228 temporibus

342 1246 545 1332 100110010οῚ)
578 1266 685 1334 neque
721 1246 894 1332 quiequam
928 1244 1025 1310 ducat
1059 1244 1100 1311 ad
1135 1245 1340 1311 intervallum
1376 1245 1471 1310 solito
1505 1245 1609 1311 maius
1639 1246 1724 1312 inter
1752 1247 1930 1312 Eusebium
1966 1253 2001 1312 01

341 1350 522 1416 Miltiadem
556 1349 780 1432 statuendum,
815 1349 949 1415 Eusebii
985 1348 1145 1414 ordinatio
1179 1355 1268 1416 reete
1302 1349 1416 1414 relerri
1449 1355 1559 1434 001001
1592 1348 1635 1414 sd
1670 1351 1745 1416 anni
1774 1353 1837 1417 310
1870 1371 2001 1416 menses

343 1461 509 1520 extremos
538 1454 591 1521 rel
619 1455 784 1540 sequentis
814 1454 888 1518 anni
916 1453 1046 1540 primos.
1092 1451 1188 1518 Sedis
1215 1453 1300 1519 iuter
1331 1453 1556 1518 MarceIIInum
1587 1459 1620 1518 01
1651 1453 1830 1521 Eusebium
1853 1455 2001 1519 vacantis

342 1561 448 1646 spatia
471 1565 560 1626 certo
584 1558 702 1624 tradite
725 1564 800 1624 sunt
821 1556 1100 1624 consentientibus
1124 1578 1197 1622 cum
1221 1557 1361 1644 00101001
1376 1558 1543 1623 Liberiani
1567 1557 1679 1624 codice
1703 1558 1868 1626 codicibus
1884 1559 1999 1624 Ponti-

342 1665 451 1732 ficalis.
496 1663 552 1730 Ad
580 1663 640 1729 bos
665 1683 816 1728 numeros
844 1663 871 1728 sl
898 1661 1102 1728 intervallum
1131 1667 1370 1748 amputamus,
1402 1663 1512 1750 coepit
1539 1661 1572 1728 id
1595 1661 1784 1729 Marcellino
1816 1663 1921 1729 occiso
1944 1683 2001 1728 se-

344 1769 448 1835 cundo
472 1769 621 1834 semestri
643 1789 671 1832 a.
687 1770 760 1832 303.
807 1765 953 1841 Quocum
983 1765 1143 1831 consentit
1172 1766 1226 1852 qui
1254 1765 1381 1854 scripsit
1409 1767 1579 1832 coneiliuru
1603 1765 1835 1832 Sinuessanum
1858 1766 1998 1832 Marcel·

344 1874 445 1939 linum
474 1873 657 1959 significans
686 1871 873 1936 damnatum
899 1889 973 1934 esse
1001 1866 1293 1955 1030310023.
1344 1869 1396 1935 Ite
1422 1870 1465 1936 ah
1495 1869 1697 1936 ordinatione
1726 1891 1754 1936 0.
1775 1874 1838 1937 206
1869 1870 1938 1935 100.
1955 1873 1998 1936 30

345 1977 387 2042 ad
410 1977 651 2043 damnationem
674 1996 703 2044 0.
720 1978 782 2040 303
805 1973 891 2060 Aug.
908 1975 949 2038 23
972 1971 1178 2037 Marcellinus
1201 1970 1286 2036 sedit
1308 1992 1338 2040 0.
1355 1972 1420 2037 VII
1439 1995 1484 2040 m.
1502 1973 1517 2038 I
1541 1973 1571 2038 d.
1590 1973 1719 2038 XXIII.
1766 1973 1891 2062 Corpus
1911 1973 1999 2040 Mer-

345 2083 451 2148 cellini
480 2081 663 2168 depositum
690 2099 762 2145 esse
795 2077 847 2144 die
869 2075 988 2142 XVIII
1011 2075 1043 2144 k.
1066 2075 1164 2142 Ilebr.
1183 2108 1222 2132 =
1241 2076 1309 2142 Ian.
1331 2081 1367 2142 15
1395 2099 1468 2142 oum
1497 2085 1623 2144 constet
1650 2083 1717 2143 tam
1746 2099 1789 2144 ex
1811 2079 1917 2145 indies
1940 2077 2000 2143 de·

344 2186 540 2274 positionum
563 2186 788 2271 episcoporum
811 2182 931 2246 inserto
955 2179 1233 2266 chronographiae
1258 2200 1354 2266 quam
1383 2201 1425 2246 ex
1455 2183 1692 2270 martyrologiis
1701 2182 1742 2270 ³),
1766 2183 1906 2250 eundem
1929 2183 2000 2248 fere

347 2289 434 2355 diem
458 2285 756 2373 (1111111010.)
779 2283 977 2350 Pontificalis
1000 2283 1122 2350 habeat
1151 2283 1182 2348 in
1206 2281 1372 2365 Marcello,
1396 2287 1505 2371 sperni
1526 2287 1647 2372 poterit
1669 2287 1757 2374 quod
1780 2288 1891 2354 scribit
1912 2286 2000 2352 idem

344 2394 568 2460 Marcellinum
593 2393 776 2480 depositum
800 2411 871 2456 csse
888 2387 968 2475 apr.
985 2391 1036 2464 25,
1061 2409 1132 2454 cum
1155 2409 1215 2476 000
1229 2387 1327 2454 XXV
1350 2387 1419 2454 dies
1442 2391 1638 2478 insepultum
1661 2392 1829 2466 iacuisset:
1854 2399 1999 2458 ceterum

346 2518 407 2585 per
429 2497 560 2584 aliquod
583 2503 711 2583 tempus
738 2495 772 2560 id
800 2496 884 2560 iuste
908 2493 1074 2579 sepultura
1103 2494 1244 2558 caruisse
1273 2499 1526 2560 consentaneum
1555 2501 1605 2560 est
1628 2501 1740 2583 utpote
1771 2497 1910 2562 hominis
1939 2515 1999 2583 00-

349 2600 434 2668 blice
466 2603 572 2668 occisi.
626 2599 824 2686 Reiragatur
852 2597 991 2686 spatium
1023 2596 1178 2662 Marcello
1209 2596 1406 2683 adscriptum
1437 2597 1470 2662 iu
1502 2597 1678 2664 hiberione
1713 2620 1741 2663 a.
1762 2599 1847 2665 VIII
1881 2621 1924 2664 m.
1946 2597 1999 2664 111

347 2706 377 2772 d.
393 2705 501 2788 XXV,
524 2705 557 2770 iu
578 2703 698 2770 Indicis
721 2701 963 2790 exemplaribus
985 2701 1173 2766 melioribus
1195 2699 1257 2768 a.I
1280 2721 1322 2764 m.
1338 2700 1408 2766 IIII
1430 2699 1461 2764 d.
1477 2700 1560 2766 XVI
1583 2700 1661 2788 (0110
1685 2701 1812 2785 011100);
1845 2703 1904 2768 sed
1927 2723 1999 2768 curn

344 2810 469 2875 numeri
492 2807 667 2874 admodum
690 2807 825 2890 varient,
842 2811 952 2892 potest
967 2803 1118 2868 substltui
1133 2801 1167 2868 id
1182 2803 1269 2890 quod
1285 2825 1383 2890 supra
1399 2805 1617 2890 computando
1635 2805 1812 2875 effecimus.
1857 2807 2000 2872 Periisse

344 2913 579 2996 Marcellinum,
603 2919 638 2978 ut
653 2911 803 2992 diximus,
820 2909 962 2975 secundo
978 2908 1127 2973 semestri
1143 2929 1170 2972 a.
1189 2911 1251 2973 303
1275 2915 1364 2974 00010
1382 2911 1533 2976 convenit
1548 2911 1746 2997 temporibus
1768 2911 2002 2998 persecutionis

344 3016 569 3084 Diocletianae
585 3023 723 3105 coeptae
739 3013 950 3080 Nicomediae
966 3032 996 3078 a.
1014 3014 1076 3076 303
1094 3011 1191 3078 Febr.
1210 3016 1261 3078 23.
1300 3012 1361 3079 lIlo
1377 3013 1447 3078 1000
1464 3019 1611 3102 tempore
1628 3013 1850 3080 Diocletianus
1861 3014 2001 3080 Romam

344 3120 477 3188 advenit
499 3127 533 3187 et
548 3121 728 3186 vicennalia
749 3120 794 3186 ibi
818 3118 995 3184 celebravit
1018 3137 1047 3182 0.
1065 3119 1128 3180 303
1152 3115 1236 3182 Nov.
1252 3120 1304 3197 20,
1320 3137 1381 3182 nec
1398 3117 1531 3184 dubium
1549 3124 1598 3184 est
1613 3120 1811 3205 imperatore
1827 3125 2001 3206 praesente

344 3246 467 3314 poenas
491 3231 602 3291 eontra
616 3223 816 3289 Christianos
839 3221 1029 3286 constitutas
1052 3219 1196 3284 severius
1219 3241 1315 3306 quam
1332 3227 1429 3314 antea
1446 3229 1580 3288 exactas
1603 3244 1685 3288 esse.
1723 3222 1849 3288 Eodem
1864 3225 2000 3289 rettule-

346 3330 406 3394 rim
429 3328 515 3416 quod
538 3329 583 3393 ait
606 3333 718 3392 auctor
740 3326 813 3393 libri
836 3323 877 3389 de
901 3323 1058 3388 mortibus
1080 3329 1324 3410 persecutorum
1334 3327 1358 3406 ⁴)
1382 3331 1457 3412 post
1478 3346 1601 3412 paucos
1617 3347 1747 3393 menses
1763 3348 1805 3392 ex
1821 3327 1902 3392 urhe
1918 3327 2000 3392 Dio-

346 3433 520 3500 cIetianum
536 3453 643 3498 rursus
667 3430 784 3496 exiisse
808 3433 942 3514 propter
965 3425 1269 3512 libertatempopuli
1285 3427 1500 3496 1100000101δί
1516 3429 1765 3522 intolerabilem.
1811 3431 1863 3496 Ita
1885 3451 1999 3518 quam-

346 3558 452 3623 quam,
469 3542 505 3601 ut
521 3536 597 3617 dixi,
614 3534 739 3599 numeri
757 3534 789 3598 in
805 3530 980 3597 minoribus
996 3529 1190 3616 discrepant,
1208 3530 1426 3598 dubitationes
1442 3533 1608 3618 graviores
1625 3535 1778 3600 tollentur
1794 3536 1897 3602 eiecto
1914 3534 2001 3600 Mar-

349 3641 442 3706 ceIIo.
466 3677 505 3688 —
530 3639 596 3706 Sed
618 3639 791 3704 Marcellus
819 3636 880 3702 etsi
903 3635 987 3702 inter
1010 3635 1181 3721 episcopos
1203 3635 1292 3701 urbis
1316 3636 1443 3702 Romae
1466 3659 1530 3703 non
1553 3643 1642 3703 reete
1666 3639 1826 3704 admissus
1849 3645 1913 3720 est,
1942 3638 2001 3704 ad-

348 3747 463 3810 missus
486 3752 620 3809 estnon
643 3745 712 3809 siue
736 3763 843 3808 cause.
889 3739 1013 3804 Extant
1036 3739 1145 3826 elogia
1173 3744 1240 3803 tam
1262 3739 1408 3805 Marcelli
1431 3762 1527 3827 quam
1549 3740 1684 3807 Eusebii
1712 3764 1776 3808 non
1800 3744 1902 3808 multo
1927 3748 2004 3830 post

350 3870 479 3937 apapa
500 3848 644 3914 Damaso
669 3852 702 3932 (†
719 3851 795 3932 384)
823 3843 989 3934 00010101),
1021 3865 1104 3932 quae
1134 3849 1304 3932 utrumque
1334 3843 1515 3910 ‘rectorem’
1545 3847 1713 3934 appellant
1740 3853 1774 3912 et
1804 3868 2000 3936 quemquam

455 4146 474 4212 ¹)
498 4146 627 4198 Eusebius
645 4145 704 4197 hist.
723 4144 784 4196 scel.
802 4141 827 4208 8,
842 4140 887 4194 14:
912 4139 1122 4198 0010001
1142 4131 1296 4208 ἀρχόμενος
1319 4135 1373 4205 μὲν
1392 4135 1442 4204 τήν
1464 4133 1618 4209 0011ήο011
1638 4138 1730 4194 uictor
1747 4136 1790 4196 ἐπ’
1808 4137 1936 4215 ciceastria
1955 4137 2000 4194 001

346 4229 474 4302 κολακείᾳ
492 4232 541 4284 scri
553 4229 643 4302 δήμου
658 4226 796 4299 Ῥωμαίων
808 4223 1027 4298 0000000010000
1045 4221 1128 4292 vairp
1142 4240 1171 4276 00
1184 4221 1239 4282 τοῖς
1257 4221 1386 4291 ὑπηκόοις
1398 4224 1446 4277 τόν
1458 4227 1528 4278 rossi
1540 4229 1709 4296 Χριστιανῶν
1722 4226 1828 4283 ἀνεῖναι
1840 4225 2004 4298 recessisset

347 4315 479 4387 διωγμόν.
510 4321 674 4387 Augustinus
691 4321 764 4372 brev.
781 4317 867 4370 collat.
886 4332 908 4368 c.
921 4313 968 4368 34:
986 4314 1117 4380 lepebotnr
1134 4311 1293 4364 Melchiodes
1311 4312 1408 4366 00101000
1426 4313 1550 4367 diaconos
1567 4333 1624 4367 cum
1644 4318 1734 4370 litteris
1751 4319 1878 4372 Maxentii
1895 4318 1957 4383 1000.
1978 4326 2004 4370 et

348 4406 438 4458 litteris
455 4408 583 4474 praefecti
596 4407 731 4474 praetorio
749 4406 786 4458 ad
798 4405 961 4472 praesetnem
978 4400 1057 4463 urhis,
1074 4407 1102 4450 nt
1114 4415 1146 4450 eo
1157 4399 1307 4464 reciperent,
1324 4415 1390 4465 quoe
1408 4408 1519 4467 tempore
1533 4405 1720 4469 persecutionis
1737 4406 1826 4456 allato
1843 4414 2003 4457 memoratur

346 4493 488 4559 1000000100
502 4492 660 4544 Christianis
677 4494 787 4544 iusserat
804 4491 887 4542 reddi.
977 4486 998 4553 ¹)
1022 4486 1085 4538 Dies
1103 4485 1269 4537 ordinationis
1291 4485 1397 4537 Eusebii
1417 4487 1525 4539 traditus
1543 4489 1570 4539 in
1593 4491 1711 4558 catalogo
1728 4493 1867 4544 Liberiano
1893 4509 1945 4542 nou
1964 4498 2003 4544 est

347 4579 442 4632 dubius
460 4596 508 4631 uec
525 4581 607 4646 magis
625 4580 680 4632 dies
698 4578 863 4646 depositionis
881 4577 907 4628 in
920 4576 1008 4628 eedem
1021 4572 1228 4639 chronographia
1246 4577 1372 4624 serratus.
1407 4574 1457 4625 Sed
1474 4575 1505 4626 de
1526 4575 1575 4628 hoc
1593 4585 1662 4630 recte
1680 4579 1781 4630 monuit
1798 4580 1905 4632 Rcesius
1918 4579 2002 4632 Romo

346 4674 402 4718 0011.
420 4663 445 4730 2,
458 4663 517 4730 209,
541 4683 601 4718 cum
618 4667 748 4719 Eusebius
771 4671 887 4718 mortuus
910 4663 944 4716 sit
967 4663 994 4714 in
1016 4660 1119 4724 Sicilia,
1143 4675 1307 4727 nequaqnam
1331 4667 1447 4713 00001000
1470 4661 1501 4714 de
1524 4679 1594 4716 auno
1617 4665 1794 4719 nausiationis
1816 4667 1951 4720 ordorer
1975 4669 2002 4720 iu

346 4754 527 4806 coemeterium
552 4753 693 4819 urbanum,
722 4753 799 4806 immo
820 4754 866 4804 vix
892 4768 950 4806 eam
978 4749 1091 4802 adscribi
1118 4764 1192 4816 00000
1218 4765 1287 4800 anno
1311 4747 1335 4800 si
1362 4765 1413 4814 quo
1435 4749 1507 4802 obiit.
1548 4753 1587 4804 De
1610 4755 1692 4820 000110
1719 4753 1842 4806 differunt
1868 4754 2003 4822 oatrlogus

345 4840 500 4893 Liberianus
517 4841 618 4893 habeus
635 4858 669 4893 m.
688 4843 740 4892 IIII
756 4841 781 4892 d.
799 4840 868 4902 XVI,
887 4846 913 4890 01
930 4837 1023 4900 Index,
1049 4836 1124 4888 cuius
1142 4835 1300 4904 exemplaria
1318 4835 1425 4888 meliora
1442 4838 1467 4888 ai
1485 4838 1548 4890 dant
1566 4857 1598 4891 m.
1611 4841 1647 4892 VI
1664 4841 1689 4892 d.
1708 4841 1759 4905 III,
1783 4849 1810 4894 et
1827 4843 2003 4910 Hieronymus

346 4927 496 4979 adscribens
514 4927 538 4980 si
556 4944 589 4978 m.
602 4929 663 4991 1ος
687 4926 732 4979 000
750 4927 792 4978 vel
810 4927 847 4977 sic
866 4931 966 4977 0000101
984 4940 1044 4976 eum
1063 4939 1114 4974 non
1137 4938 1301 4989 0000000000.
1390 4922 1413 4987 ⁸)
1437 4925 1571 4993 Martyrol.
1589 4927 1821 4994 Hieronymianum
1844 4936 1871 4980 et
1895 4929 1944 4981 rub
1962 4929 2003 4981 die

346 5014 465 5065 XVIII.
484 5015 572 5066 Febr:
598 5013 696 5065 Romae
718 5011 892 5066 0108010010
914 5013 943 5063 10
964 5010 1087 5063 cimiterio
1109 5008 1248 5061 Priscillae
1271 5008 1394 5076 depositio
1417 5013 1499 5063 sancti
1521 5011 1643 5064 Marcelli
1663 5013 1776 5078 episcopi
1799 5013 1845 5079 (al.
1863 5031 1954 5080 popae
1979 5023 2004 5067 ct

346 5099 510 5168 ecnsmsorir)
528 5107 554 5153 01
572 5101 756 5168 subsequenti
775 5099 880 5151 XVII.
899 5100 986 5151 Fabae
1005 5097 1129 5162 depositio
1147 5097 1230 5147 saneti
1248 5095 1370 5148 Marcelli
1388 5097 1510 5163 episcopi.
1543 5099 1641 5150 Nomen
1660 5107 1809 5167 0000001000
1828 5107 1867 5152 est
1885 5101 2003 5154 similiter
2043 5097 2047 5104 '

346 5193 424 5252 atqua
441 5188 469 5238 ln
487 5187 588 5252 Iudice3
610 5188 677 5239 inter
697 5189 831 5256 episcopos
848 5191 977 5241 Romanos
1001 5187 1046 5252 qui
1063 5201 1124 5236 vere
1147 5184 1198 5235 1011
1215 5183 1382 5236 Marcellinus
1400 5185 1480 5252 vulgo
1504 5185 1650 5252 appellatur
1672 5188 1776 5238 nomine
1800 5205 1851 5240 uon
1869 5205 1917 5240 000
1936 5191 2003 5240 Mar·

346 5272 412 5324 calli.
501 5272 524 5339 ⁴)
547 5275 586 5324 De
605 5281 679 5326 mort.
697 5290 793 5341 000000.
814 5271 853 5324 11.
944 5273 965 5339 ⁸)
990 5272 1157 5324 Duchesnel
1179 5287 1205 5337 p.
1220 5267 1348 5322 160161.
1385 5271 1587 5338 Diligentissima
1610 5279 1635 5323 01
1653 5272 1798 5326 doctissime
1820 5275 1875 5342 egit
1893 5274 2003 5328 Rossius

279 5345 281 5350 ’
346 5357 920 5426 0100100110110110000011.2,201-207.
957 5364 1072 5428 Apparet
1092 5374 1125 5410 ex
1150 5359 1182 5410 iis
1205 5357 1232 5409 in
1255 5358 1335 5424 lapsis
1358 5359 1501 5411 10οο1000110
1519 5366 1572 5410 tam
1591 5359 1744 5412 Marcellum
1764 5377 1842 5428 quam
1860 5363 2003 5414 Eusebium

346 5445 463 5510 exegisse
489 5446 684 5512 paenitentiam,
711 5455 802 5499 contra
824 5449 983 5500 adversarios
1006 5447 1072 5498 duce
1094 5443 1213 5496 Heraclio
1236 5443 1409 5508 000010οά1000,
1438 5451 1469 5496 01
1489 5445 1568 5496 venia
1589 5447 1772 5498 concederetur
1799 5447 1919 5499 omnibus
1946 5463 2002 5500 eam

346 5530 537 5596 flagitantibus;
562 5533 630 5598 quod
647 5535 776 5584 Damasus
800 5533 838 5584 011
860 5533 891 5584 de
913 5533 1034 5586 Heraclio
1058 5531 1175 5590 omnino,
1199 5529 1328 5581 Christum
1349 5546 1407 5581 eum
1430 5531 1458 5580 irs
1476 5547 1544 5595 paee
1567 5547 1684 5596 0000000,
1702 5550 1791 5600 pacem
1815 5533 1949 5601 intellegit,
1973 5541 2004 5586 01

346 5619 492 5690 Cyprianus
510 5620 604 5689 passim
623 5619 673 5690 (ep.
693 5618 735 5683 55,
748 5619 772 5672 5.
788 5617 828 5686 II,
847 5637 886 5691 00.
904 5616 974 5685 511
993 5622 1036 5684 in,
1056 5637 1096 5692 00.
1115 5615 1187 5682 68,10
1204 5616 1247 5683 0.),
1266 5633 1323 5669 eam
1346 5633 1414 5682 ques
1436 5625 1537 5688 propter
1559 5617 1741 5690 paenitentiam
1759 5619 1831 5692 10000
1855 5615 2004 5675 0000001100
2110 5634 2112 5638 ’
