4544 6428
1115 433 1337 490 EPITOMAE

696 611 921 668 Funrolarva

395 1666 489 1732 Fecit
513 1667 731 1733 ordinationes

395 1789 429 1852 in
450 1788 530 1854 urbe
553 1788 660 1854 Roma

395 1900 464 1966 1111

396 2035 457 2101 per
478 2033 581 2080 mens.
603 2011 774 2095 Decemb,

396 2134 503 2220 presb.
520 2133 658 2217 XLVII,
680 2132 761 2198 diac.
778 2133 852 2216 XV,
869 2134 1038 2220 episcopos
1053 2154 1112 2219 per
1126 2132 1199 2199 loca

400 2237 537 2304 cxvss.
577 2237 731 2322 Sepultus
748 2243 798 2302 est
813 2237 900 2323 apud
915 2237 1048 2302 boatum
1064 2237 1197 2303 Petrum

398 2341 457 2406 sub
480 2340 532 2406 die
556 2339 657 2406 XIIII
679 2341 723 2404 lrl.
745 2341 832 2426 Aug.

397 2463 431 2527 in
453 2482 545 2548 pace.

400 2581 548 2650 (lassavit
571 2584 776 2671 episcopatus
799 2583 869 2650 dies
891 2583 953 2652 In.

444 2792 516 2839 mua
538 2771 722 2856 Honursoa,
756 2775 887 2838 natione
921 2773 1122 2861 Campanus,
1158 2794 1200 2838 ex

402 2880 494 2960 patre
510 2876 611 2958 Iusto,
636 2875 677 2940 de
694 2877 825 2942 civitate
841 2877 997 2960 Frisione,
1020 2877 1105 2943 sedit
1126 2898 1198 2941 ann.

401 2977 501 3044 VIIII
523 2977 591 3044 dlea
614 2979 705 3046 XVI.

401 3097 507 3164 Huius
530 3101 752 3186 episcopatum
776 3101 986 3183 auctoritate,
1016 3123 1059 3167 ex
1082 3103 1200 3168 consti-

402 3210 471 3269 tuto
495 3203 630 3290 synodo,
652 3205 739 3270 misit
760 3206 792 3270 in
809 3203 927 3271 Grecis
941 3206 1118 3271 secundum
1140 3207 1200 3271 hu·

401 3309 592 3373 manitatem
615 3308 916 3395 sedisapostolicae
933 3316 967 3374 et
982 3310 1202 3375 reconciliavit

402 3411 535 3495 Grecos,
559 3413 613 3497 qui
636 3412 772 3498 obligati
795 3418 887 3478 erant
909 3413 968 3478 sub
992 3413 1201 3478 anathemate

401 3521 535 3604 propter
556 3515 655 3580 Petro
679 3515 902 3582 Alexandrino
926 3522 960 3582 et
980 3515 1098 3582 Acatio
1115 3516 1200 3582 (lon-

275 3675 278 3684 .
402 3619 700 3705 stantinopolitano.
760 3620 824 3685 Hic
857 3642 944 3707 papa
980 3623 1127 3707 perrexit
1160 3619 1203 3686 ad

402 3744 515 3809 regem
532 3721 770 3789 Theodericum
786 3723 976 3790 Ravennam
1000 3730 1034 3790 et
1056 3744 1099 3790 ex
1123 3745 1201 3790 con-

402 3830 472 3893 silio
503 3828 589 3912 regis
618 3825 737 3894 direxit
759 3827 908 3893 Enuodio
937 3829 1091 3916 episcopo
1115 3829 1201 3894 Tici-

402 3951 502 3998 nenss
533 3936 567 3996 et
593 3931 773 3997 Fortvmato
808 3934 962 4019 episcopo
995 3930 1201 3997 Gathenense

404 4043 438 4102 et
459 4036 634 4101 Fluentium
657 4035 874 4122 presbiterum
897 4036 985 4101 urbis
1009 4041 1043 4100 et
1060 4034 1203 4100 Vitalem

404 4140 575 4205 diaconum
599 4139 701 4204 urbis:
726 4146 841 4205 euntes
857 4139 899 4204 ad
914 4139 1088 4206 Anastasio
1105 4142 1202 4226 Aug,

401 4250 438 4309 ut
475 4244 534 4309 sub
567 4243 670 4308 libelli
708 4243 926 4309 satisfactione
961 4251 1201 4327 revocarentur,

400 4347 480 4414 nihil
508 4353 654 4434 egerunt.
711 4346 796 4412 Item
826 4346 968 4413 secundo
999 4350 1086 4413 misit
1114 4346 1201 4412 Hor-

402 4453 508 4518 misda
529 4450 712 4517 Ennodium
741 4459 774 4517 et
796 4451 1008 4538 Peregrinum
1033 4454 1203 4540 episcopos

404 4562 437 4620 et
465 4554 614 4620 Pollione
643 4555 840 4621 subdiacono
868 4556 956 4620 urbis
989 4561 1023 4620 et
1050 4563 1202 4642 portave-

404 4664 478 4724 nmt
501 4659 654 4745 epistolas
677 4659 755 4725 fidei
777 4666 811 4724 et
826 4661 1078 4725 contestationes
1094 4681 1202 4726 secre-

405 4768 455 4828 tas
477 4783 611 4827 numero
634 4761 768 4828 XVIIII
791 4769 824 4828 et
846 4763 1001 4844 libellum,
1024 4785 1203 4850 perquem

404 4866 562 4943 redirent3
593 4865 680 4953 quod
703 4868 730 4931 si
751 4868 927 4932 noluissent
951 4869 1109 4953 epistulae
1133 4889 1203 4932 sus-

404 4973 513 5058 cipere
538 4972 801 5054 contestationes,
823 4992 883 5057 per
906 4973 1051 5037 civitatee
1067 4993 1203 5058 sparge-

403 5080 484 5140 rent.
528 5074 567 5139 In
590 5096 653 5161 quo
676 5076 780 5141 noluit
807 5077 989 5140 consentire
1012 5077 1203 5142 Anastasius

403 5177 501 5263 Aug,
525 5199 565 5244 eo
589 5178 676 5265 quod
698 5186 770 5244 erat
791 5180 823 5244 in
845 5180 961 5246 herese
976 5180 1106 5246 Euthici
1126 5202 1202 5245 con-

404 5283 557 5348 sentiens.
602 5283 724 5348 Volens
746 5284 857 5371 itaque
884 5306 942 5350 eos
971 5305 1032 5372 par
1052 5305 1202 5349 remune-

403 5387 563 5452 rationem
579 5407 800 5473 corrumpere:
823 5389 870 5452 illi
890 5395 1000 5454 autem
1017 5394 1204 5474 contempto

404 5491 550 5577 principe
584 5491 766 5556 nullatenus
796 5497 1029 5557 consenserunt
1055 5493 1203 5579 accipere

405 5595 569 5681 pecunias.
613 5593 736 5659 Furore
761 5615 914 5660 aecensus
935 5596 1112 5684 imperator
1135 5599 1202 5662 eie-

403 5700 448 5764 cit
469 5717 525 5762 eos
547 5717 608 5783 per
636 5700 743 5764 locum
764 5700 980 5786 periculosum
1009 5705 1043 5764 et
1063 5700 1204 5786 inposuit

1536 598 1770 658 corvorum

1250 711 1293 776 ad
1317 711 1518 776 consolatum
1541 706 1716 787 Senatorio,
1739 727 1760 769 a
1780 704 1814 769 X
1835 703 1869 773 k.
1892 701 2061 768 Decemb.

1249 835 1352 901 usque
1376 813 1460 878 XIII
1478 813 1516 879 k.
1539 810 1624 897 Aug.
1680 809 1744 874 Hic
1777 809 1854 873 iecit
1883 807 2061 872 basilicam

1249 919 1351 983 sancti
1367 916 1520 982 Andreae
1537 913 1677 1001 apostoli
1692 912 1734 977 ad
1751 919 1896 976 sanctum
1917 910 2061 975 Petrum

1249 1029 1283 1088 et
1317 1021 1442 1086 ornavit
1476 1026 1542 1084 tam
1581 1039 1654 1084 eam
1689 1037 1786 1103 quam
1821 1014 1901 1079 alias
1937 1035 2058 1100 quam-

1248 1127 1358 1212 plures
1387 1146 1431 1190 ex
1461 1144 1539 1188 auro
1567 1128 1767 1207 argentoque
1790 1119 1939 1206 plurimo.
1988 1116 2059 1182 Hic

1248 1231 1308 1295 luit
1320 1233 1520 1294 constructor
1532 1226 1763 1299 ecclesiarum3
1780 1222 1947 1308 ampliavit
1963 1223 2058 1285 clero

1249 1339 1283 1398 et
1305 1331 1425 1396 donum
1440 1329 1623 1418 presbiterii
1640 1328 1814 1416 triplicavit
1837 1332 1871 1390 et
1894 1326 2058 1411 pauperi·

1248 1437 1309 1502 bus
1331 1442 1440 1501 vestas
1455 1441 1489 1500 et
1504 1433 1690 1500 alimoniam
1707 1430 1880 1518 triplicavit
1898 1435 1932 1494 et
1948 1429 2059 1494 multa

1249 1541 1313 1605 alia
1335 1540 1431 1622 bona,
1456 1559 1538 1625 quae
1563 1557 1714 1603 enarrare
1736 1536 1870 1621 longum
1893 1539 1952 1598 est.

1250 1662 1343 1726 Fecit
1366 1659 1583 1726 ordinationes

1250 1891 1328 1974 ΠΗ,

1251 2123 1519 2212 preszOVIII,
1532 2121 1613 2188 diac.
1621 2121 1713 2204 XVI,
1723 2116 2061 2208 episcoposOXVIII.

1252 2228 1316 2302 Qui
1328 2228 1427 2294 etiam
1440 2227 1584 2313 sepultus
1601 2231 1651 2290 est
1666 2223 1755 2312 apud
1771 2225 1903 2290 beatum
1919 2223 2059 2288 Petrum

1250 2331 1319 2398 ΠΗ
1341 2333 1373 2398 k.
1397 2328 1483 2416 Aug.

1253 2571 1401 2639 (lassavit
1424 2575 1630 2662 episcopatus
1654 2571 1724 2637 dies
1739 2570 1797 2636 VI.

1303 2781 1363 2828 arv.
1385 2759 1567 2845 Honnrsoa,
1603 2763 1735 2828 natione
1771 2759 1972 2844 Campanus,
2014 2775 2062 2819 ex

1252 2869 1345 2950 patre
1359 2863 1459 2946 Iusto,
1484 2865 1524 2930 de
1541 2867 1672 2932 civitate
1688 2865 1866 2944 Frisiuono,
1889 2858 1976 2925 aedit
2001 2879 2057 2924 an.

1253 2967 1355 3032 VIIII
1377 2967 1446 3033 dies
1469 2969 1578 3036 XVII.

1254 3087 1318 3154 Hic
1353 3088 1467 3154 habuit
1503 3091 1680 3156 certamina
1716 3109 1775 3175 per
1809 3084 1953 3172 epistolis
1990 3083 2059 3148 suis

1255 3199 1366 3258 contra
1380 3192 1588 3260 Anastasium
1611 3197 1842 3281 Imperatorem
1861 3187 2057 3254 hereticum.
