4538 6420
399 435 477 490 XXX
1090 433 1374 489 Paouuuoueus.

399 608 615 696 deprehendi,
644 609 698 696 qui
725 608 898 674 utilitatem
926 609 1068 694 aliquam
1094 607 1241 674 baberet.
1272 645 1311 654 -
1340 606 1553 693 Exemplaria
1580 627 1664 693 6666
1697 609 1860 694 composui
1882 629 1947 674 non
1976 631 2052 697 pre·

398 714 495 778 ficisci
517 712 732 778 ePontificali
755 711 901 777 declaret
921 712 993 798 ipsa
1015 717 1107 776 aetas
1129 709 1276 776 codicum
1300 717 1334 776 et
1355 711 1460 796 magis
1483 711 1581 776 ctiam
1604 712 1812 797 syllegarum,
1836 713 1951 798 quibus
1974 735 2051 780 oon·

399 819 552 898 tinentur,
576 822 612 880 ut
634 817 798 880 mittamus
820 814 1014 880 Anacletum
1036 815 1069 879 in
1091 814 1316 880 Pontifiealem
1343 813 1461 879 librum
1484 834 1655 900 perperam
1677 823 1860 902 receptum,
1890 817 1923 882 in
1953 818 2052 882 latar-

399 921 477 984 culis
504 921 567 985 illis
597 927 686 985 recte
713 919 926 1006 praeteritum
955 919 1083 1004 aliaque
1111 918 1227 984 similia
1253 938 1331 983 vera
1358 917 1558 1004 antiquitatis
1588 917 1721 1000 indicia,
1751 917 1793 982 de
1827 920 1942 1005 quibus
1971 922 2053 987 inira

399 1023 531 1089 dicetur.
565 1023 653 1088 Vere
670 1024 828 1109 originem
851 1023 971 1087 ducunt
985 1021 1104 1086 Indicis
1120 1023 1322 1108 exemplaria
1345 1043 1428 1108 quae
1445 1029 1617 1108 supersunt
1633 1043 1675 1087 ex
1691 1023 1878 1108 cerporibus
1893 1045 2051 1089 canonum

398 1126 624 1211 synodicorum
641 1132 675 1194 61
691 1126 897 1192 decretorum
919 1126 1150 1212 pontificalium
1173 1124 1350 1190 secundum
1372 1126 1489 1190 seriem
1511 1126 1697 1211 pontificum
1720 1125 1950 1214 dispositorum
1972 1129 2052 1194 inci-

397 1232 554 1316 pientium
582 1231 623 1296 ab
650 1231 741 1296 initio
769 1230 890 1295 saeculi
905 1229 969 1306 VI;
994 1250 1034 1295 ea
1057 1228 1217 1295 eiusmodi
1244 1230 1434 1296 laterculum
1456 1229 1579 1314 pariter
1600 1230 1768 1316 requirunt
1789 1237 1887 1318 atque
1916 1254 2054 1321 corpora

398 1336 659 1400 constitutionum
681 1335 913 1420 imperatorum
944 1332 1514 1420 (6166666.6116.661.36.412).
1559 1332 1612 1398 ux
1641 1335 1757 1400 nestris
1786 1337 1926 1423 quinque
1957 1344 1990 1402 et
2020 1339 2053 1402 in

397 1440 447 1504 bis
463 1441 680 1506 venustissima
695 1459 844 1525 quaeque
868 1439 893 1504 1.
910 1439 953 1504 11.
970 1439 1031 1505 111.
1047 1439 1107 1505 IV.
1123 1437 1190 1504 VII
1213 1459 1255 1502 ex
1270 1439 1339 1503 eius
1362 1437 1492 1522 generis
1508 1437 1695 1524 corporibus
1711 1446 1837 1504 constat
1853 1440 2052 1508 descendere

399 1550 433 1608 et
460 1545 585 1630 reliqua
608 1563 737 1630 quoquc
762 1563 805 1607 ex
827 1542 983 1608 similibus
1007 1541 1139 1629 syllegis
1161 1541 1319 1627 proficisci
1341 1540 1509 1627 probabile
1534 1547 1594 1605 est.
1633 1538 1734 1626 Origo
1756 1543 1854 1627 igitur
1877 1545 2053 1610 communis

398 1647 565 1713 confirmat
588 1646 675 1733 quod
697 1667 795 1732 supra
819 1646 1028 1731 exposuimus
1052 1646 1256 1732 exemplaria
1279 1643 1398 1710 Indicis
1421 1645 1530 1710 emnia
1549 1643 1655 1709 redire
1679 1643 1722 1708 ad
1736 1644 1824 1712 idem
1840 1648 2052 1735 archetypum

398 1750 534 1817 subinde
558 1751 788 1816 continuatum.

505 1877 531 1938 1.
563 1871 762 1936 Arrasicnsis
784 1892 815 1935 6.
832 1872 911 1951 644,
943 1875 1040 1934 antea
1063 1867 1095 1934 8.
1111 1867 1261 1948 Vedasti,
1286 1889 1371 1934 6666.
1385 1867 1450 1944 ΙΧ;
1480 1867 1580 1933 index
1609 1870 1806 1956 praemissus
1833 1879 1884 1938 est
1906 1874 2052 1960 syllegae

398 1995 558 2040 canonum
581 1974 830 2048 Quosnelianae.
876 1973 991 2059 Spatia
1012 1973 1126 2038 finiunt
1149 1974 1181 2038 in
1202 1971 1313 2038 Felice
1329 1971 1381 2037 111
1404 1972 1509 2058 (492),
1532 1973 1662 2038 nemina
1683 1974 1888 2042 1686666166
1913 1978 1947 2060 (†
1963 1977 2053 2064 640).

398 2079 641 2164 praescribitur:
674 2077 797 2162 breb[c]
825 2079 990 2143 minum
1019 2078 1233 2158 6666666661
1262 2077 1353 2141 erbis
1380 2075 1500 2141 1166166
1527 2077 1584 2158 qui
1610 2075 1751 2161 fueruat
1777 2101 1799 2143 e
1827 2086 1935 2146 sancte
1958 2079 2053 2146 Petro

396 2184 469 2266 6616
491 2188 648 2266 quantum
669 2182 759 2247 sedit.
804 2181 917 2246 Edidit
939 2183 1060 2268 primus
1082 2181 1286 2246 Duchesnius
1309 2202 1341 2267 p.
1361 2186 1410 2262 14,
1433 2179 1476 2244 ad
1499 2201 1597 2267 quem
1619 2182 1768 2267 repetivi.

502 2307 531 2368 2.
561 2303 767 2369 corbeiensis
791 2304 882 2387 elim,
907 2303 1024 2369 deinde
1049 2301 1081 2368 S.
1099 2302 1254 2368 Germani
1276 2323 1307 2366 n.
1324 2305 1404 2384 936,
1432 2303 1498 2366 iam
1521 2301 1684 2367 Parisinus
1713 2324 1745 2370 n.
1765 2307 1867 2369 12097
1891 2303 2052 2372 666671.

397 2407 620 2474 Praemittitur
642 2409 788 2494 syllegae
812 2428 969 2472 canonum
992 2429 1076 2493 quae
1107 2407 1149 2474 ab
1176 2408 1240 2474 beo
1262 2407 1373 2474 codiee
1397 2407 1556 2494 appellari
1577 2408 1658 2473 solet
1680 2407 1846 2490 (Meassen
1872 2407 2000 2490 Qaellen
2025 2414 2054 2489 1,

398 2513 487 2597 556).
522 2510 663 2578 Nomina
686 2517 719 2574 et
741 2512 847 2596 spatia
869 2512 983 2577 661661
1005 2533 1024 2576 6
1046 2513 1151 2597 prima
1172 2532 1270 2576 manu
1292 2511 1325 2577 in
1339 2510 1516 2576 Hormisda
1538 2509 1573 2592 (†
1589 2509 1685 2594 523);
1709 2509 1838 2576 6616616
1860 2517 1934 2576 6661
1956 2533 2054 2577 manu

398 2614 527 2680 diversa
548 2615 679 2679 nomina
704 2619 737 2677 et
766 2614 840 2678 anni
874 2615 958 2699 (sine
989 2615 1154 2679 mensibus
1186 2612 1380 2701 diebusque)
1412 2614 1453 2680 ad
1468 2613 1640 2700 Vigilium,
1668 2613 1720 2678 cui
1749 2613 1865 2679 dantur
1893 2617 1968 2680 anni
1990 2636 2054 2681 nen

398 2717 499 2783 XVII
522 2719 593 2800 teti,
615 2717 675 2783 sed
697 2717 921 2782 tantummode
942 2716 1053 2782 XIIII.
1092 2717 1342 2784 Praescribitur:
1367 2717 1529 2801 incipiant
1549 2717 1680 2782 nemim
1703 2717 1953 2798 apostelrceram,
1977 2720 2054 2785 sub-

396 2822 546 2887 scribitur
569 2843 702 2887 66666
724 2822 821 2886 tertia
836 2842 901 2887 non
922 2822 998 2887 noni
1021 2823 1152 2905 saeculi,
1175 2820 1234 2887 sed
1257 2820 1438 2906 (admonuit
1458 2817 1632 2906 Traubius)
1656 2819 1780 2884 duabus
1803 2823 1963 2908 prioribus
1986 2825 2055 2890 iere

396 2928 541 3014 aequali:
565 2926 605 2991 eb
619 2924 795 3006 apostoleco
817 2925 888 2990 sede
903 2924 994 2990 Patri
1015 2925 1149 3007 apostoli
1170 2947 1271 3008 usque
1293 2925 1497 2990 ordenatione
1518 2923 1624 2988 sancti
1639 2921 1785 2988 Silvestri
1798 2925 1879 2990 enei
1897 2923 1980 2993 Coe
1987 2925 2055 2992 VII

399 3029 472 3114 (lati
497 3035 549 3095 661
567 3031 600 3094 16
621 3031 718 3096 litura
736 3050 755 3094 a
770 3049 868 3093 manu
891 3028 1043 3114 diversa).
1083 3027 1264 3094 Ediderunt
1278 3028 1433 3094 Mabillen
1455 3027 1576 3113 primus
1593 3027 1720 3112 (vetera
1735 3028 1884 3093 analecta
1900 3028 1951 3095 ed
1974 3033 2055 3096 1682

399 3135 497 3199 6663
521 3155 553 3220 p.
570 3137 644 3216 426,
675 3132 827 3198 661723
850 3153 882 3218 p.
899 3132 977 3218 218)
1011 3138 1044 3196 61
1071 3131 1114 3196 66
1136 3131 1282 3197 codicem
1303 3131 1479 3196 Duchesnc
1502 3151 1534 3216 p.
1553 3134 1609 3204 16;
1638 3130 1897 3216 photograpbioe
1920 3153 2053 3218 reprae-

400 3243 609 3302 sentavemnt
635 3234 775 3302 Basterd
799 3235 968 3315 prietates
990 3240 1019 3299 et
1047 3241 1228 3300 ornaments
1256 3235 1310 3299 cles
1338 3235 1531 3300 meeusetts
1552 3233 1658 3299 tabl
1687 3232 1879 3319 (secundum
1904 3257 2056 3302 numera-

397 3342 519 3410 tionem
541 3361 637 3405 eeues
652 3339 772 3404 Arcbte
786 3341 816 3421 8,
830 3340 906 3424 453)
930 3337 1099 3404 aGelasio
1123 3337 1166 3403 66
1180 3337 1390 3404 Hormisdam
1414 3345 1448 3404 et
1471 3359 1491 3403 6
1514 3336 1623 3403 Marce
1648 3337 1725 3402 inde
1747 3336 1790 3402 66
1812 3339 1909 3404 finem
1925 3340 2054 3426 Zange-

399 3445 533 3510 meister
556 3449 589 3508 et
603 3442 826 3508 Wattenbacb
848 3443 881 3506 in
905 3443 1065 3528 exemplis
1087 3440 1269 3508 6666661
1293 3441 1360 3507 tab.
1378 3445 1429 3508 40.

503 3570 533 3632 3.
564 3565 720 3630 Teatinus
752 3564 893 3650 origine,
915 3564 981 3628 iam
1004 3563 1181 3628 Vaticanus
1211 3563 1344 3648 reginae
1366 3585 1397 3628 n.
1417 3566 1497 3628 1997
1521 3563 1656 3628 fortasse
1680 3583 1764 3628 6666.
1780 3563 1879 3647 VIII,
1910 3566 2056 3652 syllegae

400 3691 569 3751 canonum,
593 3668 734 3756 666666
757 3668 820 3732 666
844 3665 955 3733 666166
977 3664 1426 3754 666611666(616666661.6.
1449 3688 1480 3753 6.
1497 3667 1585 3752 526).
1622 3666 1728 3732 ludex
1750 3669 1910 3753 reperitur
1931 3668 2056 3735 medius

399 3775 483 3840 inter
505 3773 641 3838 eoncilia
662 3770 788 3836 Romae
811 3769 924 3835 666116
947 3770 1006 3834 666
1023 3769 1216 3856 Symmacho
1240 3791 1270 3836 6.
1286 3774 1349 3834 499
1373 3775 1407 3834 61
1430 3773 1502 3834 502.
1540 3769 1682 3834 Nomina
1706 3776 1739 3834 et
1761 3771 1867 3856 666116
1888 3773 2002 3838 finiunt
2023 3775 2056 3838 16

399 3876 574 3942 Hormisda
597 3875 632 3962 (†
649 3876 736 3960 523),
765 3873 927 3960 adquam
950 3879 1158 3939 numerantur
1183 3875 1327 3961 episcopi
1349 3873 1421 3938 LII.
1466 3872 1683 3960 Praescriptio
1706 3873 1809 3950 nulla;
1841 3875 2056 3964 subscriptum

400 3981 602 4063 6661616616.
646 3978 758 4044 Edidit
788 3979 909 4065 primus
937 3978 1066 4064 Lipsius
1098 3977 1300 4060 (lbreeoloyie
1329 3979 1385 4042 elcr
1414 3976 1589 4042 rdmt'scbcn
1615 3975 1768 4062 Biscbdfc
1796 3978 1909 4066 (1869)
1937 4003 1969 4068 p.
1998 3984 2056 4048 128

401 4085 453 4167 (61.
483 4105 515 4170 p.
533 4084 588 4168 78)
617 4082 660 4147 66
682 4084 870 4168 exemplum
892 4082 1104 4166 Bethmanni,
1134 4081 1253 4149 deinde
1276 4082 1451 4148 Duchesnc
1474 4082 1577 4166 p.18;
1609 4083 1785 4166 recognovi
1809 4082 1971 4167 codicem,
2003 4085 2057 4171 qui

400 4188 441 4252 ab
465 4187 606 4252 editione
629 4186 860 4251 Ducbesuiana
882 4207 947 4250 non
970 4186 1089 4254 differt.

504 4315 533 4374 4.
564 4307 737 4374 Remensis
759 4309 846 4391 olim,
870 4308 987 4374 661666
1011 4307 1097 4394 6666
1114 4308 1339 4395 Phillippsium
1361 4328 1392 4371 6.
1415 4307 1505 4389 1743,
1529 4306 1593 4369 iam
1614 4303 1833 4370 Berelincnsis
1848 4305 1943 4372 Phill.
1966 4328 1997 4371 n.
2015 4308 2055 4370 84

400 4432 484 4477 saec.
500 4412 594 4496 vill,
618 4414 763 4499 syllegae
787 4432 946 4478 canonum
969 4433 1053 4499 quae
1076 4413 1118 4476 ab
1142 4412 1204 4477 boc
1226 4410 1338 4476 codice
1360 4411 1520 4497 appellari
1543 4410 1628 4475 solet
1651 4407 1904 4492 (1166666616.
1927 4431 1958 4496 6.
1976 4411 2056 4484 638;

400 4517 488 4582 Reae
511 4517 567 4583 let.
589 4515 911 4582 MecrmereHdsobr.
934 4538 967 4603 p.
987 4521 1071 4602 171).
1116 4515 1262 4581 Indicam
1289 4515 1310 4578 1.
1329 4517 1390 4578 293
1413 4512 1581 4600 praeeedit
1609 4512 1774 4579 decretum
1804 4534 1910 4600 papae
1936 4511 2058 4579 Gelaaii

401 4621 441 4686 66
474 4621 564 4685 libris
597 4619 790 4707 recipiendis
817 4622 870 4685 661
904 4641 969 4685 666
998 4618 1207 4707 recipiendis,
1242 4619 1387 4705 sequitur
1413 4617 1585 4681 laterculus
1615 4618 1851 4704 provinciarum
1881 4615 2057 4682 Galliarum

399 4726 523 4811 (chron.
546 4725 621 4790 min.
644 4725 709 4791 vel.
728 4730 740 4789 1
766 4746 799 4810 p.
816 4723 905 4808 564).
951 4723 1065 4811 Spatia
1087 4724 1202 4788 finiunt
1222 4723 1256 4787 in
1278 4719 1454 4786 Hormisda
1476 4718 1513 4806 (Τ
1529 4719 1618 4806 523),
1645 4723 1777 4788 6661166
1798 4722 1831 4786 16
1853 4719 1964 4786 Felice
1986 4720 2057 4787 IlII

399 5023 479 5089 praet.
498 5038 523 5088 p.
536 5019 593 5087 CII)
611 5037 645 5072 ex
663 5020 749 5072 666166
761 5019 880 5071 Casinate
890 5017 940 5072 557
959 5020 1055 5086 scripto
1072 5036 1095 5071 c.
1113 5037 1136 5071 6.
1150 5017 1218 5072 1166
1236 5019 1328 5071 finiens
1340 5017 1368 5069 in
1379 5017 1502 5069 Silvestm
1521 5023 1547 5069 61
1563 5023 1698 5084 propterea
1710 5018 1856 5069 6666116166
1874 5033 1918 5085 pre
1936 5017 2059 5070 thesauro

299 5135 300 5138 ι
399 5109 477 5160 babet
494 5115 520 5159 61
536 5107 691 5158 Anacletum
709 5115 735 5156 et
754 5122 814 5157 cum
826 5105 979 5158 Marcellino
996 5106 1158 5171 Marcellum,
1176 5107 1314 5158 Anicetum
1331 5111 1392 5156 6616
1408 5105 1494 5166 Pium,
1512 5106 1661 5156 Anteretem
1678 5111 1739 5157 6616
1754 5105 1918 5168 Pontianum,
1938 5122 2059 5157 numeres

399 5198 453 5248 lere
469 5195 560 5248 tertiae
578 5194 667 5246 elassis
686 5192 728 5258 (61
748 5193 871 5260 Dionysio
890 5195 985 5246 dantur
1002 5209 1027 5246 a.
1040 5195 1066 5244 Π
1083 5209 1118 5246 m.
1130 5195 1170 5244 ΠΙ
1186 5193 1212 5244 6.
1225 5191 1294 5257 VII).
1324 5193 1435 5244 Omnino
1453 5192 1548 5256 quibus
1563 5192 1637 5258 copia
1654 5191 1716 5242 data
1727 5197 1766 5242 est
1782 5189 1968 5245 laterculorum
1978 5193 2057 5260 scrip·

399 5290 484 5335 terum
501 5280 730 5349 inspiciendorum,
749 5280 947 5332 desiderandum
964 5287 1017 5344 est,
1041 5281 1153 5348 primum
1171 5297 1204 5332 na
1221 5287 1281 5332 6616
1304 5287 1385 5346 agant
1401 5279 1538 5332 inutilibus
1556 5277 1692 5330 almerita
1708 5284 1783 5330 necte
1800 5279 1909 5346 sepultis
1927 5279 1954 5330 in
1972 5278 2056 5332 lucam
2140 5287 2143 5296 '

399 5369 516 5436 prelatis,
534 5369 670 5420 66166661
688 5366 769 5418 multo
787 5367 884 5434 magis,
903 5374 933 5420 ut
950 5384 1039 5420 aerum
1057 5368 1160 5435 publice
1178 5369 1301 5420 rationem
1320 5368 1437 5432 reddant,
1461 5367 1507 5434 qui
1525 5383 1578 5430 nen
1594 5365 1755 5417 descendunt
1771 5383 1805 5418 ex
1821 5367 1891 5419 libro
1908 5366 2056 5432 pontificali,

399 5458 425 5509 id
443 5458 544 5524 estqui
561 5475 614 5509 666
632 5457 730 5508 babent
747 5457 903 5509 Anacletum
920 5464 947 5509 et
964 5457 1128 5510 Marcellum.
1162 5459 1230 5510 Nam
1247 5473 1403 5524 quamquam
1421 5463 1520 5518 emant,
1545 5455 1590 5522 qui
1612 5455 1668 5506 aius
1686 5453 1789 5518 generis
1807 5452 1963 5505 laterculum
1987 5453 2059 5506 nacti

398 5551 501 5611 prepter
522 5544 625 5611 propria
646 5543 776 5609 quasdam
799 5543 951 5611 plerumque
974 5544 1068 5596 6111666
1090 5560 1150 5596 eum
1173 5545 1298 5597 ineditum
1322 5544 1431 5596 madunt
1454 5559 1537 5610 66666
1558 5557 1637 5594 causa
1659 5547 1713 5603 est,
1738 5555 1785 5592 cur
1803 5541 1883 5592 Index
1906 5540 2057 5607 pontificum

399 5633 572 5681 Romanorum
588 5629 662 5681 aliter
678 5635 803 5681 tractetur
820 5639 898 5698 atque
916 5630 1016 5696 reliqua
1034 5632 1130 5698 scripta
1149 5631 1268 5699 pluribus
1286 5631 1418 5684 codicibus
1436 5629 1538 5692 tradita,
1556 5627 1732 5694 exemplorum
1750 5626 1903 5678 collatorum
1916 5627 2057 5694 optandum

398 5722 438 5767 661
455 5722 486 5766 61
503 5731 625 5768 numerus
642 5727 779 5785 augeatur.
