4538 6420
1048 398 1333 456 PSOLSGOMENA.
1978 399 2017 452 IX

362 570 480 655 integri
503 572 578 636 olim
603 574 696 637 tertio
721 572 846 638 decimo
871 572 1163 658 (quaternionibus,
1188 575 1241 660 qui
1263 574 1381 660 integri
1404 579 1593 660 supersunt,
1618 573 1693 638 inde
1718 595 1738 636 a
1761 575 1856 639 tertio
1880 595 1900 636 a
1922 594 2018 636 manu

362 675 467 760 prima
488 676 521 740 in
543 677 607 741 line
629 678 774 763 inscripti
797 685 870 742 sunt
892 677 1032 762 numeri)
1055 678 1166 763 incipit
1191 679 1381 764 Hieronymi
1404 679 1654 743 commentarius
1678 678 1721 743 de
1745 679 1820 743 viris
1843 677 2019 741 illustribus

364 799 436 844 cum
463 782 606 845 auctario
635 781 809 864 Genuadii,
842 803 947 869 quem.
967 782 1133 867 excipiunt
1161 787 1256 868 gesta
1288 783 1452 847 Acaciana
1483 781 1647 864 (blaasseu
1682 781 1808 864 stedcn
1838 787 1848 845 1
1881 803 1912 867 p.
1931 781 2018 862 763).

361 880 541 968 Supersunt
563 905 606 949 ex
635 886 821 972 pontificum
844 887 917 951 ritis
940 884 1104 950 Anastasii
1127 885 1161 950 H
1192 906 1265 971 pars
1295 893 1443 951 extrema
1471 893 1504 951 et
1539 891 1608 950 tota
1639 886 1706 950 vita
1729 884 1931 970 Symmachi,
1968 885 2019 948 cui

360 1008 512 1052 numerus
534 989 723 1075 praefigitru
738 988 812 1070 LII,
837 989 966 1074 copiose
983 995 1148 1064 enarrata;
1171 990 1221 1053 his
1244 989 1414 1055 subiuncta
1438 991 1664 1075 episcoporum
1686 990 1817 1054 nomina
1832 987 2018 1053 Llll-LX

361 1091 402 1155 ab
429 1090 606 1156 Hormisda
635 1091 677 1156 ad
699 1092 854 1178 Vigihum
884 1092 1003 1157 additis
1025 1094 1136 1179 spatiis
1161 1115 1233 1158 cum
1256 1100 1350 1179 gesta
1372 1094 1460 1158 nulla
1489 1093 1633 1158 habeant
1663 1091 1841 1178 adscripta,
1870 1092 2019 1157 videntur

363 1194 491 1260 adiecta
524 1216 596 1260 essc
631 1217 650 1259 a
680 1197 810 1262 librario
844 1199 981 1262 fortasse
1011 1198 1110 1284 ipsius
1142 1197 1236 1261 huius
1265 1196 1393 1262 codicis.
1445 1195 1579 1283 Scripsit
1610 1197 1708 1282 igitur
1740 1202 1852 1261 auctor
1883 1196 2018 1262 sedente

362 1298 539 1365 Hormisda
561 1306 595 1364 et
618 1301 761 1387 quidem,
784 1304 821 1367 ut
844 1302 994 1368 observat
1020 1302 1228 1384 Duchcsnius,
1254 1302 1390 1368 durante
1414 1304 1587 1368 schismate
1613 1323 1653 1367 eo
1677 1301 1765 1388 qaod
1787 1302 1885 1366 finem
1906 1301 2019 1365 habuit

362 1424 391 1468 a.
418 1407 490 1470 519.
534 1403 627 1468 Folia
654 1424 770 1472 novem
801 1425 884 1491 quae
915 1404 1137 1470 desiderentur
1159 1407 1186 1470 si
1209 1427 1273 1470 non
1303 1407 1528 1474 continuerunt
1556 1407 1616 1470 nisi
1640 1407 1825 1490 catalogum
1851 1424 2018 1490 paparum,

362 1508 488 1594 singula
511 1509 624 1594 quinas
646 1508 715 1573 fere
732 1509 813 1573 vitas
836 1509 1028 1575 habuerunt.
1066 1508 1180 1574 Potest
1202 1531 1355 1575 recensus
1377 1511 1430 1575 hic
1445 1510 1657 1575 Liberianum
1682 1508 1936 1582 continuavisse;
1960 1508 2018 1573 sed

361 1610 484 1694 obstat,
520 1611 608 1698 quod
638 1619 751 1677 auctor
786 1614 928 1698 corporis
962 1613 1148 1677 Damasiani
1181 1633 1376 1699 quamquam
1407 1614 1592 1698 catalogum
1619 1612 1830 1678 Liberianum
1862 1611 2018 1694 adhibuit,

362 1736 478 1802 corpus
494 1714 775 1802 Symmachianum
790 1717 959 1802 ignoravit.
986 1755 1023 1764 —
1049 1715 1228 1782 Ediderunt
1251 1737 1335 1804 quae
1352 1739 1394 1782 ex
1410 1738 1449 1783 eo
1466 1724 1640 1804 supersunt
1665 1717 1808 1804 corporis
1833 1717 2019 1781 Damasiani

362 1819 503 1885 editores
529 1820 718 1886 Franciscus
746 1827 780 1884 et
806 1821 964 1906 Iosephus
992 1820 1197 1886 Blanchinius
1227 1821 1344 1906 (vol.3
1374 1843 1403 1885 a.
1425 1825 1504 1887 1728
1535 1843 1567 1908 p.
1590 1825 1652 1886 209
1683 1823 1891 1906 imperfecte,
1922 1820 2018 1906 plene

361 1925 458 1989 volt
483 1945 511 1990 a.
534 1927 613 1990 1735
645 1946 675 2010 p.
692 1922 818 2010 LXIX)
851 1931 885 1989 et
913 1925 973 1996 suh
1002 1926 1094 1990 titulo
1126 1925 1298 2010 fragmenti
1321 1925 1549 2006 Laurentiani,
1583 1930 1758 2012 propterea
1789 1923 1875 2010 quod
1908 1929 2020 1986 auctor

362 2027 451 2093 lavet
472 2027 659 2114 Symmachi
680 2027 865 2094 adversario
889 2028 1076 2109 Laurentio,
1099 2029 1303 2094 Duchesnius
1326 2027 1404 2116 (vol.
1426 2035 1438 2094 1
1464 2051 1496 2116 p.
1513 2033 1642 2095 43-46
1667 2029 1705 2094 cf.
1730 2050 1762 2115 p.
1780 2026 1900 2108 XXX).
1939 2025 2018 2090 Mihi

361 2131 505 2198 codicem
529 2132 634 2198 denuo
658 2133 791 2198 contulit
806 2132 995 2198 Edmundus
1010 2132 1135 2198 Hauler
1157 2133 1401 2217 diligentissime
1426 2140 1460 2198 et
1481 2134 1552 2220 ipse
1575 2154 1705 2220 quoque
1729 2153 1804 2197 eum
1828 2132 2013 2216 recognovi.

361 2236 528 2324 Reliquias
561 2237 619 2302 has
649 2237 871 2301 commentarii
893 2235 1089 2302 Damasiano
1122 2238 1309 2323 antiquioris
1338 2243 1372 2302 et
1397 2238 1495 2324 longe
1524 2237 1784 2323 praestantioris,
1819 2255 2015 2322 quamquam

360 2343 565 2406 interesset
587 2361 704 2426 corpus
719 2339 952 2405 Damasianum
975 2341 1063 2405 nulla
1079 2341 1260 2406 coniunctio
1276 2341 1458 2421 intercedit,
1481 2363 1542 2406 nos
1559 2363 1623 2406 una
1646 2363 1719 2406 curn
1737 2362 1777 2405 ea
1798 2341 2016 2427 proponimus,

360 2450 397 2509 ut
418 2446 568 2530 leguntur
589 2446 622 2508 in
644 2444 755 2510 codice
772 2444 962 2510 Veronensi.
1007 2444 1144 2509 Lineola
1169 2448 1174 2526 Ι
1198 2446 1357 2531 significat
1387 2452 1520 2532 puncta,
1553 2446 1669 2532 quibus
1697 2447 1730 2510 in
1758 2443 1870 2510 codice
1895 2445 2016 2531 passim

363 2555 525 2614 commata
546 2553 745 2636 sepsrsntvu.
1946 2569 1951 2580 ·

330 2759 342 2798 ι
517 2736 580 2827 [ad]
596 2739 607 2820 ΙΙ
624 2739 855 2824 imperatorem
871 2735 1078 2802 Anastasium
1095 2737 1217 2802 directa
1238 2758 1299 2824 per
1314 2737 1524 2802 Cresconium
1541 2743 1575 2802 et
1590 2737 1789 2804 Germanum
1813 2741 1993 2825 episcopos,
2012 2737 2015 2823 Ι
2029 2754 2085 2820 s.1

516 2864 600 2931 quae
623 2850 714 2909 tanta
735 2843 964 2908 scribturarum
987 2843 1176 2908 caelestium
1192 2843 1384 2908 auctoritate
1400 2841 1530 2906 suffulta
1556 2850 1614 2924 est,
1635 2843 1640 2927 Ι
1659 2848 1696 2907 ut
1720 2843 1774 2929 qui
1795 2841 1879 2907 hano
1893 2844 2018 2908 intenta

516 2955 626 3014 mente
649 2947 708 3012 sub
732 2946 838 3012 divino
862 2948 977 3012 timore
1001 2945 1187 3033 perlegerit,
1209 2945 1213 3030 Ι
1233 2947 1372 3010 inaniter
1393 2946 1549 3011 hactenus
1577 2947 1662 3012 inter
1684 2947 1838 3012 ecclesias
1854 2945 2014 3030 Orientisl

517 3059 551 3118 et
572 3051 688 3117 Italiae
709 3052 713 3136 Ι
733 3052 871 3116 schisma
893 3057 959 3116 tam
981 3052 1140 3142 nefarium
1162 3050 1339 3137 perdurare
1363 3058 1547 3138 cognoscat.

332 3175 344 3214 ι
416 3155 494 3220 nn:
518 3155 730 3241 Symmachus
753 3155 838 3220 sedit
860 3175 960 3220 annos
984 3155 1175 3242 quindecem
1198 3175 1327 3220 menses
1351 3162 1477 3241 septem
1501 3154 1571 3221 dies
1594 3157 1707 3242 viginti
1730 3163 1764 3221 et
1783 3162 1919 3242 septem.
1945 3175 2017 3219 cum

515 3260 577 3324 hoc
599 3266 709 3324 autem
732 3260 838 3324 fuerat
860 3258 1054 3324 Laurentius
1077 3259 1245 3324 Romanae
1271 3259 1428 3324 eeclesiae
1451 3259 1624 3346 presbyter
1651 3259 1816 3324 ordinatus
1846 3260 2017 3346 episcopus

516 3369 672 3449 tantaque
689 3364 808 3428 clerum
825 3385 863 3429 ao
881 3365 887 3447 Ι
906 3363 1061 3450 populum
1077 3362 1260 3428 Romanum
1277 3362 1438 3428 discordia
1458 3364 1568 3428 feralis
1585 3365 1759 3445 invaserat,
1781 3371 1818 3428 ut
1832 3385 1894 3429 nec
1910 3362 2018 3428 dimna

517 3467 732 3533 consideratio
761 3470 765 3550 Ι
790 3488 850 3533 nec
871 3475 984 3533 metus
1014 3468 1123 3552 regius
1153 3475 1263 3554 partes
1292 3489 1312 3532 a
1338 3469 1470 3554 propria
1498 3469 1671 3534 conlisione
1706 3468 1882 3534 cohiberet.
1908 3468 1912 3550 Ι
1942 3472 2017 3532 tunc

516 3576 674 3657 coguntur
693 3571 699 3654 Ι
717 3571 854 3658 utrique,
875 3575 880 3654 Ι
901 3572 1114 3658 Symmachus
1134 3572 1257 3636 scilicet
1272 3578 1306 3637 et
1326 3573 1330 3654 Ι
1349 3572 1553 3653 Laurentius,
1570 3573 1695 3659 regium
1714 3573 1848 3638 subituri
1863 3570 2016 3636 iudicium

514 3682 628 3763 petere
662 3677 859 3742 comitatum.
891 3674 896 3762 Ι
924 3675 970 3740 ibi
1003 3674 1216 3762 Symmachus
1247 3676 1356 3741 multis
1389 3677 1534 3762 pecuniis
1566 3677 1710 3762 optinet;
1743 3676 1937 3741 Laurentius
1974 3676 2017 3740 ad

515 3779 761 3865 gubernandam
784 3780 956 3846 ecclesiam
977 3779 1152 3844 Nuceriam
1169 3777 1368 3867 Campaniae
1392 3781 1555 3846 civitatem
1577 3781 1723 3866 plurimis
1747 3786 1878 3845 coactus
1895 3779 1990 3844 minis
2010 3777 2014 3866 Ι

514 3883 842 3970 promissionibusque
866 3882 1021 3968 dirigitur.
1047 3883 1052 3968 Ι
1077 3889 1152 3969 post
1174 3883 1307 3970 aliquod
1338 3891 1447 3949 autern
1475 3905 1577 3948 annos
1605 3905 1664 3971 pro
1693 3885 1802 3949 multis
1830 3883 2016 3948 criminibus

515 3994 593 4075 aput
620 4010 734 4076 regem
758 3988 969 4075 Symmachus
997 3994 1174 4054 accusatur.
1209 4009 1306 4074 quem
1328 4010 1388 4053 rex
1407 3993 1412 4070 Ι
1432 3989 1492 4054 sub
1516 3989 1685 4054 occasione
1712 3987 1866 4074 paschali,
1894 3987 1899 4071 Ι
1927 3987 2015 4072 quod

515 4112 579 4156 non
612 4113 684 4158 cum
718 4093 925 4158 universitate
964 4091 1202 4178 celebraverat,
1241 4091 1284 4156 ad
1320 4093 1504 4158 comitatum
1543 4089 1724 4179 convolent]
1760 4093 1920 4156 rationem
1960 4089 2012 4180 d[e

515 4194 637 4284 tantae]
664 4197 845 4262 festivitatis
868 4195 1065 4261 dissonantia
1086 4195 1096 4281 ΙΙ
1116 4194 1331 4261 redditurum:
1359 4196 1500 4283 fecitque
1523 4195 1610 4282 apud
1632 4195 1813 4260 Ariminum
1835 4193 2011 4283 reseder[s.
2028 4199 2051 4263 f·
2067 4197 2088 4248 1¹

517 4296 668 4387 dlumque
695 4299 817 4365 ibidem
844 4321 915 4365 cum
945 4300 1009 4364 suis
1039 4299 1163 4364 clericis
1196 4300 1428 4385 aliquantisper
1458 4306 1618 4379 moratur,
1653 4299 1898 4386 promeridianis
1928 4301 2016 4365 horis

516 4424 614 4489 snper
635 4404 709 4469 litus
731 4404 829 4469 maris
851 4404 1020 4468 ambulans
1035 4403 1117 4468 vidit
1138 4403 1291 4468 mulieres
1312 4402 1388 4468 inde
1406 4405 1551 4484 transire,
1576 4424 1648 4468 cum
1669 4403 1785 4490 quibus
1803 4403 2017 4470 accusabatur

515 4507 549 4572 iu
571 4508 707 4573 scelere:
733 4529 816 4595 quae
840 4509 1027 4573 comitatum
1049 4507 1206 4594 petebant
1224 4508 1316 4593 regia
1336 4508 1487 4574 iussione.
1522 4507 1724 4572 dissimulans
1750 4527 1829 4594 ergo
1852 4529 1888 4572 se
1909 4509 1913 4590 Ι
1933 4508 2015 4572 scire

518 4611 605 4697 quod
619 4611 746 4677 viderat
767 4618 862 4678 nocte
879 4612 987 4677 media
1003 4611 1235 4677 dormientibus
1259 4613 1380 4677 cunctis
1403 4633 1474 4677 oum
1497 4633 1562 4677 uno
1585 4617 1710 4676 tantum
1734 4613 1862 4677 conscio
1888 4613 2015 4699 fugiens
2102 4679 2104 4682 .

514 4715 696 4802 regreditur
709 4716 849 4782 Romam
869 4717 874 4802 Ι
894 4737 995 4803 seque
1009 4717 1094 4781 intra
1115 4717 1205 4782 beati
1221 4715 1311 4781 Petri
1326 4717 1464 4803 apostoli
1487 4722 1581 4803 septa
1602 4714 1773 4781 concludit.
1795 4717 1799 4796 Ι
1822 4720 1898 4782 tunc
1922 4737 2012 4803 pras-

515 4819 623 4905 byteri
645 4825 679 4884 et
702 4817 827 4884 diaconi
846 4819 853 4905 Ι
871 4840 932 4884 nec
954 4840 1018 4884 non
1041 4819 1155 4906 reliqui
1178 4818 1384 4900 clericorum,
1408 4839 1487 4905 quos
1510 4839 1620 4890 secum
1644 4817 1835 4900 deduxerat,
1863 4821 1867 4902 Ι
1894 4817 2015 4883 adeunt

515 4943 629 5009 regem
653 4928 686 4987 et
709 4922 777 4986 sine
800 4943 858 4986 sua
881 4923 1075 4987 conscientia
1096 4921 1100 5005 Ι
1121 4920 1351 5006 Symmachum
1375 4922 1496 5007 fugisse
1519 4927 1688 4988 testantru.
1716 4925 1720 5002 Ι
1749 4942 1808 5007 per
1831 4943 1911 5007 quos
1934 4921 2013 5006 rexi

516 5034 582 5091 tam
606 5026 647 5091 ad
671 5033 818 5091 senatum
841 5047 936 5113 quam
960 5025 1002 5091 ad
1025 5027 1147 5091 clemm
1168 5031 1346 5112 praecepta
1364 5029 1368 5107 Ι
1389 5047 1487 5112 super
1511 5027 1579 5091 eius
1597 5025 1738 5111 quodam
1762 5026 1858 5091 modo
1881 5026 2014 5091 damna-

516 5132 604 5196 tione
626 5131 820 5196 transmittit.
842 5131 847 5215 Ι
867 5137 1036 5196 accusatur
1058 5131 1156 5195 etiam
1179 5130 1219 5194 ab
1244 5131 1391 5195 universo
1415 5131 1501 5195 clero
1525 5130 1686 5211 Romano,
1712 5129 1798 5215 quod
1823 5134 1934 5194 contra
1957 5129 2013 5194 de-

318 5266 343 5308 25
517 5241 640 5300 cretum
660 5237 665 5314 Ι
685 5257 705 5300 a
720 5236 785 5300 suis
801 5234 1025 5300 decessoribus
1042 5234 1249 5299 observatum
1265 5234 1485 5299 ecclesiastica
1500 5233 1714 5321 dilapidasset
1728 5231 1863 5320 praedia
1882 5234 1887 5318 Ι
1907 5238 1941 5297 et
1956 5255 2016 5320 per

461 5389 478 5443 4
495 5397 547 5442 tam
565 5392 675 5444 schisma
693 5392 748 5444 cod.
801 5391 933 5460 cognoscit
950 5392 1006 5444 cod.
1089 5390 1120 5443 11
1140 5392 1290 5444 nucednam
1309 5390 1363 5442 cod
1448 5388 1482 5442 14
1501 5408 1589 5443 aaran
1606 5393 1676 5443 hiat:
1693 5389 1720 5460 ΙΙΙ
1731 5389 1885 5458 r(rertiqiam
1904 5400 2014 5443 ιιιιιιιιιιι-

359 5474 560 5545 modo)stionem
578 5474 676 5540 (littera
697 5495 784 5542 wasa,
805 5477 850 5530 aad
873 5478 936 5528 satir
954 5477 1035 5544 certo)
1057 5478 1075 5529 h
1094 5474 1145 5541 (ccl
1160 5478 1170 5528 l
1186 5478 1227 5529 ael
1244 5479 1262 5529 b
1279 5477 1319 5528 ccl
1337 5479 1353 5529 d
1371 5477 1427 5542 cal.)
1444 5474 1473 5542 Ιι
1496 5475 1814 5542 (retractaretis
1834 5478 1874 5529 ccl
1890 5478 1927 5544 m)
1945 5496 1964 5530 ιι
1976 5476 2013 5544 (f)

359 5558 385 5628 ΙΙΙ
395 5560 527 5630 (deflebant
545 5564 643 5617 litterae
661 5575 710 5617 tres
728 5566 909 5631 aegrotasset
926 5565 993 5616 duae
1013 5565 1129 5629 latiores)
1147 5563 1254 5630 Sacra,
1272 5565 1317 5616 red
1329 5564 1548 5630 carto)estivitatis
1566 5563 1743 5634 dissonant(nt
1767 5565 1949 5634 liparae)is(ia
1966 5567 2013 5617 mi-

361 5647 456 5716 nores).
487 5650 622 5702 Dachm
640 5653 763 5703 rationem
782 5651 866 5718 (quasi
885 5650 927 5717 de)
945 5652 1094 5703 festiuilstis
1112 5651 1272 5703 dissonantia
1289 5660 1383 5702 contro
1401 5651 1496 5703 cedias
1513 5653 1624 5719 serapio.
1710 5650 1745 5704 23
1762 5653 1940 5718 quodadmodo
1958 5653 2013 5705 cod.

360 5733 395 5786 25
413 5735 567 5804 dilapidasse
584 5737 650 5798 cod..
1136 5733 1141 5742 ¹

463 5853 539 5892 asara
556 5853 731 5894 vosrrrrcsus
749 5857 766 5894 1.
1787 5842 1804 5895 b
