4538 6420
914 402 1198 460 PROLEGOMENA.
1802 403 1880 459 XXV

225 578 410 645 Pontificali
439 601 522 667 quae
552 585 714 668 spectant,
743 599 808 643 non
836 579 940 644 selum
967 578 1116 644 fabulosa
1144 585 1218 644 sunt
1246 585 1280 644 et
1306 580 1427 665 passim
1450 579 1535 644 inter
1564 601 1600 644 se
1624 580 1798 661 contraria,
1822 578 1882 644 sed

227 685 326 748 etiam
357 685 455 748 exilia
489 690 523 749 et
551 685 634 750 iusto
666 689 858 769 argumente
886 684 954 748 lere
983 683 1146 748 destituta.
1175 721 1215 730 —-
1249 683 1477 749 Ordinationes
1500 684 1690 748 clericomm
1715 682 1880 768 dignitatis

226 787 371 870 maioris,
404 809 476 854 eum
503 788 763 874 presbyterorum
793 794 826 853 et
853 786 1060 853 diaconorum
1089 788 1177 853 urbis
1199 787 1326 853 Romae
1354 794 1423 852 tum
1454 793 1548 852 extra
1568 787 1684 851 urbem
1707 807 1766 872 per
1789 784 1880 850 dioe-

227 891 326 956 cesim
348 892 504 956 urbanam
527 893 594 974 vel,
624 898 660 955 ut
687 897 800 956 auctor
821 897 931 956 noster
953 891 1013 974 ait,
1034 911 1097 972 per
1118 891 1244 956 diuerso
1266 889 1348 978 loca,
1377 892 1619 977 episcoporum,
1642 888 1717 953 inde
1742 890 1783 954 ab
1806 891 1878 976 ipso

225 994 325 1059 Petro
355 1015 416 1080 per
443 995 586 1080 singulos
620 996 791 1082 episcopos
823 996 971 1082 proxime
1006 999 1081 1059 ante
1112 1000 1252 1060 mortem
1288 1002 1322 1059 et
1354 995 1553 1081 sepulturam
1585 995 1631 1057 ita
1664 993 1879 1074 enuntiantur,

226 1104 263 1163 ut
296 1119 367 1163 eam
401 1098 643 1164 adnotationem
678 1105 835 1186 appareat
867 1097 910 1163 ad
941 1099 1078 1164 formam
1111 1098 1302 1185 pertinuisse
1332 1099 1375 1165 ab
1406 1105 1537 1164 auctore
1567 1098 1757 1169 stabilitam
1794 1097 1880 1183 quod

227 1201 444 1266 ordinationes
473 1204 507 1268 in
537 1202 728 1290 quibusdam
755 1203 828 1268 uitis
855 1203 997 1267 maxirne
1031 1203 1064 1266 in
1098 1203 1286 1267 recensione
1319 1203 1426 1288 priore
1462 1207 1496 1268 et
1526 1203 1560 1266 in
1595 1201 1756 1266 secundae
1790 1201 1880 1265 libris

228 1306 355 1392 optimis
382 1307 563 1394 quibusque
591 1328 656 1372 nou
678 1328 736 1372 suo
765 1309 837 1372 leco
865 1307 1025 1392 legrmtur,
1057 1304 1196 1370 redeunt
1224 1305 1339 1370 turbae
1368 1326 1444 1386 eae,
1473 1311 1510 1370 ut
1532 1306 1746 1392 explicabitur
1774 1305 1879 1390 eapite

227 1410 379 1495 septimo,
410 1409 452 1474 ad
477 1411 616 1496 primum
649 1412 791 1498 corporis
818 1415 984 1475 auctorem
1013 1410 1128 1474 inseite
1159 1415 1193 1474 et
1222 1410 1382 1475 incuriose
1404 1410 1508 1475 Indici
1530 1411 1662 1497 antiquo
1684 1411 1880 1474 inserentem

226 1514 409 1599 catalogum
432 1513 652 1580 Liberianum.
696 1515 781 1580 Eum
811 1516 896 1580 enim
920 1535 992 1580 cum
1016 1513 1260 1578 fundamentum
1288 1514 1350 1579 sibi
1373 1520 1529 1596 sumeret,
1558 1515 1592 1578 in
1616 1535 1655 1578 eo
1679 1533 1743 1578 non
1767 1533 1880 1598 reper-

225 1623 275 1680 tae
302 1615 522 1684 ordinationes
550 1639 611 1704 per
636 1620 798 1705 margines
826 1619 955 1683 ridetur
984 1617 1156 1700 adiecisse,
1183 1617 1306 1682 librarii
1328 1623 1439 1683 autem
1470 1619 1667 1704 posteriores
1694 1618 1733 1682 iis
1762 1616 1880 1681 deinde

225 1721 314 1786 locos
336 1720 557 1807 adsignavisse
582 1723 743 1806 diversos,
775 1743 840 1788 non
862 1743 935 1787 raro
960 1723 1059 1786 etiam
1081 1722 1114 1786 in
1137 1721 1188 1785 his
1211 1741 1269 1786 suo
1292 1721 1426 1786 arbitrio
1457 1723 1517 1786 usi.
1561 1722 1678 1787 Partes
1701 1721 1734 1784 iu
1757 1721 1881 1786 clericis

227 1823 411 1889 ordinandis
441 1828 523 1892 ullas
554 1828 652 1892 luisse
686 1828 797 1914 populi
828 1826 969 1913 ipsiusve
998 1825 1076 1890 cleri
1102 1831 1215 1890 auctor
1241 1831 1353 1890 noster
1380 1826 1523 1911 ignorat,
1556 1827 1597 1891 ab
1624 1828 1695 1913 ipso
1723 1825 1880 1912 principio

225 1928 444 1994 ordinationes
463 1931 607 1996 referens
630 1932 733 1997 lactas
756 1932 798 1997 ab
821 1933 984 2018 episcopo.
1010 1967 1049 1978 —
1074 1928 1302 1994 Ordinationes
1325 1929 1367 1994 ab
1384 1930 1536 2016 episcope
1553 1929 1702 1994 Romano
1725 1929 1826 1994 factes
1849 1930 1881 1992 in

225 2035 475 2099 commentarios
498 2037 617 2100 relatas
641 2057 712 2101 esse
737 2041 771 2100 et
791 2055 852 2121 per
873 2055 909 2099 se
931 2034 1105 2100 verisimile
1130 2038 1181 2097 est
1204 2038 1237 2098 et
1261 2032 1442 2097 confirmari
1463 2033 1592 2098 ridetur
1606 2033 1714 2098 verbis
1731 2032 1880 2118 Gregorii

225 2139 335 2223 magni
350 2139 383 2202 in
406 2139 545 2224 epistula
567 2142 671 2220 9,147
689 2137 752 2227 [58]
775 2139 895 2226 scripta
916 2159 944 2204 a.
962 2141 1024 2203 599
1048 2137 1090 2201 ad
1114 2135 1347 2202 Secundinum:
1377 2137 1416 2202 de
1445 2136 1701 2202 ordinatiomhus
1724 2184 1781 2202 ...
1804 2156 1880 2216 apo·

225 2240 352 2306 stolieae
378 2243 462 2306 sedis
478 2244 668 2324 perstifieum
690 2248 798 2307 utrum
814 2247 889 2323 post
911 2243 1126 2307 beatmsimam
1147 2240 1354 2306 Hormisdom
1377 2240 1412 2324 (†
1436 2243 1511 2323 523)
1534 2239 1645 2322 mque
1667 2240 1734 2304 sint
1759 2239 1881 2317 addito,

136 2399 137 2402 ,
225 2349 329 2410 vestra
355 2345 475 2410 coritas
499 2347 651 2428 requirit·
679 2347 734 2411 sed
759 2367 859 2428 usqeoe
880 2347 926 2410 od
946 2344 1057 2428 Vigilii
1081 2365 1188 2428 popae
1214 2349 1354 2426 tempora
1376 2344 1576 2430 (537-555)
1608 2344 1769 2426 expositos
1797 2343 1882 2408 ordi·

224 2449 371 2514 nationes
394 2449 580 2531 praesulum
601 2473 665 2516 esse
687 2456 857 2532 cogrtoscot.
900 2449 1016 2536 Neque
1045 2450 1130 2514 enim
1157 2450 1335 2537 perspicio,
1366 2471 1423 2515 cnr
1450 2449 1660 2515 ordinationis
1688 2449 1882 2514 vocabulum

225 2549 429 2620 Duchesnius
446 2553 522 2632 (vol.
543 2560 555 2619 1
580 2577 611 2642 p.
627 2553 746 2641 OLIV)
769 2554 821 2619 hic
844 2554 982 2640 accipiat
1005 2553 1046 2618 de
1071 2553 1210 2619 decretis
1231 2553 1341 2619 nescio
1358 2553 1474 2640 quibus
1491 2553 1632 2618 admissa
1648 2552 1881 2638 significatione

226 2656 330 2720 minus
359 2660 490 2745 propria
524 2666 558 2725 et
584 2661 707 2725 reiecta
734 2659 891 2724 sollemni.
941 2657 1108 2724 Eiusmodi
1134 2659 1326 2724 laterculum
1358 2664 1472 2723 auctor
1500 2663 1611 2722 noster
1642 2657 1812 2744 quominus
1840 2677 1882 2720 ex

226 2761 384 2826 ecclesiae
400 2762 522 2828 scriniis
538 2763 764 2850 adsumpserit,
787 2783 852 2827 nen
867 2763 970 2827 solum
993 2762 1072 2827 nihil
1095 2762 1212 2843 obstat,
1236 2761 1296 2826 sed
1317 2768 1391 2826 sunt
1414 2783 1497 2849 quae
1522 2762 1719 2827 confirment.
1758 2760 1883 2825 Monuit

226 2862 430 2930 Hamackius
460 2866 696 2932 ordinationum
728 2867 865 2932 formam
894 2866 1099 2948 sollemnem,
1127 2866 1231 2952 qualis
1260 2866 1421 2951 reperitur
1449 2885 1510 2952 per
1536 2867 1619 2931 vitas
1654 2866 1778 2951 priores
1813 2866 1881 2928 sine

227 2966 324 3033 dubio
347 2969 472 3052 ficticia,
496 2971 699 3058 aliquatenus
720 2969 839 3034 mutari
861 2970 902 3034 ab
924 2969 1068 3035 Iohanne
1092 2971 1109 3034 I
1132 2969 1222 3056 (LV)
1244 2991 1347 3056 usque
1370 2970 1413 3035 ad
1437 2968 1609 3035 Silrerium
1626 2969 1715 3056 (LX)
1741 2971 1882 3048 (seilicet

227 3070 380 3137 deficiunt
402 3073 619 3140 ordinationes
649 3075 740 3160 ipsae
763 3072 872 3156 LVII,
902 3074 1086 3160 presbyteri
1117 3081 1150 3138 et
1178 3073 1306 3140 diaconi
1327 3072 1398 3156 LV,
1426 3074 1610 3160 presbyteri
1632 3072 1726 3154 LIX,
1757 3073 1884 3137 diaconi

224 3174 348 3241 LVIII.
372 3176 449 3252 LX;
479 3179 684 3243 nominantur
709 3198 838 3244 meuses
866 3178 985 3245 insohti
1015 3178 1107 3263 LVI)
1139 3185 1173 3244 et
1199 3184 1375 3266 propterea
1402 3198 1500 3244 verae
1531 3177 1711 3243 traditionis
1740 3177 1883 3264 speciem

160 3285 161 3288 ’
224 3301 304 3366 prae
327 3303 362 3347 sc
385 3282 481 3365 ferre,
504 3283 610 3348 redire
633 3287 743 3347 autem
766 3283 903 3348 formam
926 3288 1111 3370 suspectam
1134 3283 1286 3370 aVigilio
1307 3282 1418 3370 (LXI)
1445 3282 1488 3347 ad
1509 3283 1680 3367 Pelagium
1702 3280 1736 3345 II
1760 3279 1881 3367 (LXV)

226 3382 376 3469 Gregorii
398 3406 652 3471 praecessorem,
676 3407 796 3474 eaeque
813 3387 1033 3453 ordinationes
1055 3394 1169 3475 postea
1191 3389 1328 3454 insertas
1344 3388 1448 3453 rideri
1471 3385 1514 3452 ad
1538 3385 1737 3473 explendum
1759 3386 1882 3451 hiatum

225 3488 371 3553 laterculi
386 3511 406 3553 a
422 3489 580 3574 Gregorio
604 3497 828 3557 memoratum.
865 3489 1004 3558 Omnino
1021 3492 1239 3558 ordinationes
1263 3493 1451 3558 clericerum
1473 3492 1597 3579 priores
1613 3491 1676 3556 etsi
1690 3511 1754 3555 non
1778 3491 1883 3555 minus

226 3590 416 3657 subdititiae
446 3594 617 3660 habendae
646 3601 720 3661 sunt
746 3615 842 3682 quam
872 3616 955 3682 quae
985 3596 1026 3661 de
1055 3596 1271 3683 antiquiorum
1299 3603 1482 3684 temporum
1520 3595 1681 3682 episeopis
1708 3601 1883 3681 praeterea

224 3702 404 3779 namantur,
428 3704 537 3764 tamen
559 3705 686 3786 partem
707 3701 922 3787 posteriorem
945 3722 1001 3766 cur
1021 3700 1210 3766 indubium
1233 3721 1396 3781 vocemus,
1421 3721 1518 3766 causa
1541 3700 1629 3764 nulla
1652 3705 1712 3764 est.
1758 3697 1825 3762 Sed
1847 3705 1884 3763 ut

226 3819 304 3864 vera
326 3800 389 3865 sint
415 3823 499 3888 qnae
522 3803 700 3886 traduntur,
722 3804 895 3870 utilitatem
918 3805 1039 3870 nullam
1062 3805 1194 3870 habent.
1240 3803 1293 3870 lix
1315 3803 1457 3868 numeris
1488 3803 1587 3868 trium
1610 3801 1774 3883 ordinum,
1802 3822 1882 3888 quos

226 3903 312 3968 solos
338 3910 450 3970 auctor
478 3907 637 3989 enuntiat,
667 3928 732 3972 non
764 3909 937 3973 enuntiatis
969 3908 1151 3974 nominibus
1183 3915 1294 3994 neque
1318 3905 1443 3972 sedium
1472 3906 1704 3992 episcopalium
1736 3907 1882 3993 exceptis

131 4087 132 4092 ἵ
227 4005 352 4072 duabus
367 4008 555 4075 Fundorum
571 4008 769 4098 Campaniae
786 4012 853 4098 (26,
863 4038 887 4078 ιο
906 4013 937 4078 in
953 4015 1022 4078 sola
1039 4012 1090 4078 ed.
1107 4009 1229 4100 priore)
1239 4017 1279 4082 ,et
1294 4010 1445 4076 Corsicae
1460 4011 1585 4076 insulae
1601 4013 1687 4093 (221,
1699 4009 1737 4094 ι),
1752 4013 1882 4077 nemine

225 4115 334 4175 autem
357 4111 523 4178 hominum
545 4117 643 4197 nullo,
665 4115 741 4182 inde
764 4137 805 4181 ne
824 4116 886 4182 hoc
903 4116 1034 4202 quidem
1050 4117 1184 4203 colligas
1207 4116 1266 4181 sub
1282 4135 1369 4202 papa
1384 4115 1425 4180 de
1442 4136 1506 4202 que
1530 4115 1637 4200 agitur
1653 4121 1702 4180 tot
1717 4115 1882 4201 episcopia

225 4213 324 4279 fuisse
348 4222 427 4302 quet
453 4219 575 4284 crearit
597 4219 783 4305 episcopum
814 4219 920 4305 potuit
948 4221 1034 4284 euim
1060 4221 1119 4286 sub
1144 4219 1262 4286 eedem
1284 4219 1534 4305 metropolitano
1559 4217 1677 4282 eadem
1699 4216 1794 4282 sedes
1811 4219 1882 4304 plus

226 4319 328 4383 semel
351 4340 480 4386 vacare.
524 4321 751 4387 Ordinationes
780 4323 867 4409 ipsas
893 4343 954 4408 per
980 4323 1155 4411 plerosque
1182 4323 1351 4410 pontifices
1380 4321 1624 4409 (exceptionem
1650 4321 1772 4386 faciunt
1794 4320 1880 4386 Hor-

225 4422 472 4506 misdas13l,u
496 4431 530 4490 et
544 4425 739 4493 IohannesI
766 4429 835 4509 137,
847 4431 886 4511 ssi
908 4428 954 4492 ita
969 4429 1142 4510 numerari,
1164 4434 1201 4494 ut
1222 4427 1348 4493 numeri
1367 4425 1605 4491 ordinationum
1627 4426 1725 4511 longe
1748 4426 1879 4492 inferio·

225 4548 278 4592 res
300 4528 363 4592 sint
384 4549 518 4594 numero
542 4549 696 4596 annorum
720 4530 864 4617 episcopi
887 4531 965 4614 eius,
989 4533 1132 4620 exempli
1154 4553 1253 4598 causa
1269 4529 1434 4614 Silvester,
1459 4531 1513 4617 qui
1530 4529 1616 4596 sedit
1633 4550 1735 4594 annos
1750 4529 1881 4612 XXIII,

225 4630 412 4698 sacerdotes
435 4632 634 4700 ordinavisse
655 4633 770 4700 dicitur
784 4635 906 4718 LVIII,
930 4635 1166 4703 ordinationem
1189 4637 1362 4702 celebrarit
1384 4636 1492 4702 sexies
1516 4639 1651 4714 tantum,
1675 4633 1790 4700 mirum
1814 4640 1880 4710 est;

225 4756 332 4822 neque
357 4737 443 4802 enirn
466 4757 564 4803 causa
585 4739 652 4802 ullu
674 4739 883 4826 intellegitur,
908 4761 964 4804 cur
985 4741 1049 4805 leci
1071 4739 1218 4826 plerique
1234 4761 1295 4828 per
1309 4740 1446 4806 multum
1462 4745 1592 4826 tempus
1608 4738 1762 4804 vacarint.
1806 4738 1881 4804 Non

225 4841 330 4906 minus
353 4839 497 4926 offendit,
522 4841 609 4928 quod
632 4842 849 4908 ordinationes
873 4844 1050 4931 pleraeque
1073 4844 1181 4911 factae
1198 4844 1347 4911 dicuntur
1362 4865 1474 4910 meuse
1493 4843 1669 4909 Decembri
1679 4841 1721 4928 ¹);
1744 4842 1777 4907 id
1794 4843 1880 4930 qnod

225 4964 331 5030 neque
355 4965 427 5010 cum
451 4944 651 5032 quorumdam
674 4946 899 5034 episcoporum
922 4948 1034 5034 spatiis
1055 4955 1144 5014 reete
1166 4949 1354 5014 conciliatur
1376 4947 1598 5034 (Blanchinius
1613 4947 1656 5012 ad
1672 4946 1879 5012 Anastasium

224 5050 321 5113 vol.3
344 5071 376 5135 p.
397 5051 471 5124 r7e;
501 5047 676 5114 Duchesne
699 5049 762 5114 rol.
781 5055 794 5113 1
820 5071 852 5138 p.
869 5049 993 5136 CLIV)
1018 5056 1052 5116 et
1073 5052 1227 5118 abhorret
1249 5074 1270 5117 a
1292 5051 1525 5118 consuetudine
1549 5072 1613 5117 non
1636 5053 1740 5116 solum
1763 5050 1880 5114 aetatis

225 5153 422 5239 posterioris,
446 5152 505 5217 sed
526 5153 670 5240 ipsorum
693 5174 822 5268 quoque
845 5160 1027 5241 temporum
1050 5156 1082 5220 in
1106 5156 1288 5222 Pontificali
1309 5163 1530 5222 tractatorum.
1568 5155 1718 5222 Gelasius
1738 5160 1826 5219 certe
1847 5155 1880 5218 iu

674 5271 706 5314 (ιι.

331 5430 352 5498 ¹)
365 5433 462 5484 Mensis
473 5434 616 5486 December
633 5434 661 5485 in
679 5433 762 5501 prima
778 5440 850 5501 parte
867 5433 938 5486 solus
956 5434 1095 5500 iuvenitur,
1114 5443 1203 5504 postea
1219 5451 1297 5504 saepe
1311 5451 1395 5502 usque
1411 5436 1445 5487 ad
1456 5435 1615 5488 Adecdatum
1627 5432 1698 5498 (191,
1708 5433 1743 5501 e)3
1762 5436 1881 5504 adinngi·

225 5525 269 5569 tur
285 5519 309 5570 ei
321 5519 478 5571 Februarius
498 5517 556 5586 113,
565 5533 585 5572 a.
607 5519 706 5587 llum.
727 5519 784 5584 125,
794 5533 827 5574 ιι.
858 5522 1057 5576 substituuntur
1069 5524 1226 5576 Februarius
1242 5531 1269 5576 et
1279 5525 1389 5576 Martius
1403 5519 1460 5586 138,
1471 5535 1508 5583 ης
1526 5523 1725 5590 quadragesima
1742 5531 1768 5576 et
1785 5527 1881 5578 mensis

225 5605 350 5671 septimus
368 5602 581 5672 (ahseptember)
596 5605 702 5674 162,1a;
720 5609 812 5660 lunius
825 5606 884 5674 202,
895 5623 914 5674 ις
932 5610 1042 5662 Martius
1053 5607 1113 5676 216,
1122 5623 1144 5663 4.
1178 5612 1277 5664 Passim
1294 5611 1389 5662 mensis
1407 5627 1460 5662 uon
1477 5609 1636 5676 enuntiatur,
1654 5609 1764 5663 maxime
1781 5612 1809 5664 in
1820 5613 1881 5664 ritis

225 5692 417 5759 posterioribus.

328 5809 403 5848 urere
420 5809 593 5850 rournscmrs
610 5811 626 5849 ι.
1657 5802 1674 5851 d
