4538 6420
926 391 1211 450 Paonseounus.
1856 400 1896 454 XI

396 571 542 632 sanctum
569 565 756 632 Silvestrem
776 569 780 648 Ι
801 566 943 633 Palatini
968 569 1109 634 inlustris
1135 568 1195 634 viri
1225 568 1370 655 pecuniis
1399 569 1559 636 fabricans
1590 577 1625 636 et
1646 591 1807 637 exornans
1827 574 1832 654 Ι
1852 592 1891 636 eo

397 673 469 757 ipso
491 672 631 736 instante
654 669 824 735 dedicarit.
844 671 850 757 Ι
869 673 1023 738 nonnulla
1046 674 1145 738 etiam
1168 674 1345 758 cymeteria
1364 673 1369 756 Ι
1389 679 1423 739 et
1444 675 1586 740 maxime
1603 677 1705 741 sancti
1721 676 1871 742 Pancrati
1889 675 1893 760 Ι

395 796 555 841 renovans
576 775 670 860 plura
689 774 756 839 illic
777 795 864 839 nove
887 797 1015 863 quoque
1040 777 1228 843 construxit.

240 879 331 946 LIII.
396 878 571 954 Hormisda
590 883 594 961 Ι
615 878 699 943 sedit
721 899 822 944 annos
844 901 962 946 novem
982 883 988 963 Ι
1008 882 1077 947 dies
1100 881 1214 946 decem
1238 887 1272 946 et
1293 888 1430 968 septem.

211 983 348 1049 sLIIlI.
395 983 547 1048 Iohannis
569 982 654 1047 sedit
677 1003 777 1046 annos
801 982 865 1050 duo
888 1005 1017 1050 menses
1039 1006 1158 1051 norem
1181 986 1251 1050 dies
1270 987 1276 1070 Ι
1294 985 1387 1052 XVI.
1409 987 1415 1070 Ι

240 1087 308 1152 LV.
391 1087 488 1152 Felix
507 1086 511 1171 Ι
531 1085 616 1151 sedit
637 1106 739 1151 annos
762 1093 915 1173 quattuor
936 1110 1066 1155 menses
1090 1089 1154 1154 duo
1178 1088 1248 1154 dies
1267 1091 1272 1174 Ι
1293 1089 1372 1154 XII.
1393 1091 1398 1175 Ι

239 1192 324 1256 LVI.
394 1190 576 1256 Bonifatius
599 1190 684 1256 sedit
707 1212 808 1256 annos
832 1191 896 1258 duo
920 1193 989 1259 dies
1011 1195 1125 1280 viginti
1148 1199 1183 1259 et
1206 1214 1275 1258 sex.

238 1295 341 1360 LVII.
394 1295 546 1360 Iohannis
570 1295 655 1360 sedit
677 1316 779 1360 annos
801 1295 867 1361 duo
891 1319 1020 1364 menses
1044 1303 1195 1384 quattuor
1220 1297 1289 1362 dies
1309 1298 1313 1384 Ι
1334 1298 1391 1363 VI.
1418 1298 1421 1384 Ι

239 1399 359 1464 LVIII.
390 1401 551 1487 Agapitus
574 1399 660 1465 sedit
679 1400 684 1484 Ι
703 1419 832 1464 menses
855 1401 1015 1468 undosam
1039 1402 1109 1468 dies
1132 1409 1216 1468 octo.
1239 1406 1243 1484 Ι

189 1515 219 1564 ἰι
235 1503 377 1570 LVIIII.
394 1504 548 1569 Silverins
571 1502 657 1568 sedit
677 1503 682 1587 Ι
700 1524 831 1568 menses
853 1525 982 1571 norem.
1003 1507 1008 1588 Ι

235 1609 244 1696 ΙΙ
259 1608 330 1674 LX.
390 1608 528 1696 Vigilius
552 1608 636 1674 sedit
661 1628 763 1672 annos
786 1608 900 1674 decern
925 1616 959 1674 et
981 1615 1053 1675 octo
1077 1629 1207 1674 menses
1229 1608 1292 1673 duo
1317 1608 1386 1674 dies
1408 1630 1536 1677 norem.
1556 1611 1715 1694 {moritur
1736 1611 1769 1674 in
1793 1609 1969 1696 Syra-se

392 1713 475 1778 cusis
497 1712 640 1778 secunda
661 1712 743 1777 feria
761 1713 766 1797 Ι
786 1719 882 1778 nocte
902 1715 907 1798 Ι
927 1715 1066 1800 septimo
1090 1714 1161 1779 idus
1184 1712 1295 1778 Iunias
1317 1713 1493 1780 indictione
1517 1715 1624 1781 tertia.
1644 1727 1649 1800 Ι

340 1902 420 1969 Post
442 1902 587 1969 Indicam
609 1903 866 1990 antiquissimum
898 1909 931 1967 et
960 1909 1054 1988 gesta
1079 1903 1266 1990 pontificum
1294 1905 1414 1991 scripta
1443 1906 1502 1971 sub
1526 1908 1678 1994 episcopo
1702 1906 1833 1972 Liberio
1858 1913 1892 1970 et

238 2015 333 2094 gesta
360 2008 504 2073 finientia
535 2009 568 2072 in
598 2006 792 2094 Symmacho
821 2014 969 2094 tempore
1000 2008 1145 2094 sequitur
1173 2027 1288 2094 corpus
1319 2010 1455 2073 vitarum
1485 2011 1570 2097 quod
1600 2010 1724 2076 edimus
1751 2011 1894 2097 pseudo-

238 2113 480 2178 Damasianum.
525 2111 564 2178 Id
585 2111 651 2176 iam
682 2112 907 2198 explicabitur,
938 2117 1096 2199 quatenus
1123 2112 1193 2176 fieri
1224 2119 1347 2199 potest,
1379 2134 1400 2177 a
1428 2113 1543 2200 quibus
1572 2114 1756 2180 auctoribus
1779 2121 1813 2180 et
1839 2115 1896 2179 ubi

239 2217 403 2282 eonditum
425 2218 480 2292 sit;
504 2217 634 2301 quinam
657 2217 698 2280 sit
713 2216 820 2303 operis
844 2215 970 2290 titulus;
994 2237 1057 2302 quo
1080 2222 1228 2302 tempore
1245 2217 1399 2302 scriptum
1422 2219 1531 2283 situel
1554 2219 1661 2306 potius
1677 2218 1773 2284 scribi
1796 2239 1895 2305 coep-

238 2329 306 2388 tum
330 2328 364 2388 ct
386 2343 449 2410 quo
473 2320 579 2386 denuo
602 2319 759 2406 prodierit
781 2321 998 2405 recognitum
1030 2341 1109 2406 quos
1143 2326 1291 2386 auctores
1314 2320 1357 2385 ad
1384 2342 1465 2409 opus
1496 2322 1698 2388 condendum
1721 2323 1895 2408 scriptores

237 2427 458 2502 adhibuerint;
483 2425 622 2510 denique
640 2445 736 2510 quam
756 2425 892 2489 formam
908 2431 1022 2490 auctor
1037 2431 1071 2488 et
1087 2425 1325 2490 continuatores
1341 2425 1424 2490 libro
1442 2426 1600 2492 dederint.
1638 2426 1896 2515 prlioabuntur

237 2531 336 2613 haec,
359 2536 396 2595 ut
418 2529 502 2611 dixi,
533 2533 689 2615 quantum
718 2528 787 2592 lieri
813 2533 937 2614 potest;
965 2549 1041 2592 nam
1068 2530 1312 2614 quaestionibus
1340 2530 1403 2594 illis
1433 2551 1511 2595 mox
1539 2530 1710 2617 apparebit
1740 2551 1895 2618 responsa

236 2635 356 2721 passim
379 2634 528 2715 deficere,
552 2633 630 2698 mihi
652 2637 740 2698 certe
762 2653 827 2696 non
850 2631 961 2697 datum
984 2652 1056 2696 esse
1080 2638 1115 2696 ut
1137 2633 1227 2696 iustis
1258 2632 1426 2698 desideriis
1448 2634 1690 2722 responderem.

340 2736 512 2803 Conditum
536 2757 608 2803 esse
630 2737 769 2802 vitarum
793 2757 909 2822 corpus
937 2734 979 2800 eb
1004 2737 1156 2823 episcopo
1180 2735 1324 2802 Damaso
1358 2739 1399 2820 (a.
1417 2737 1604 2824 seo-384)
1634 2739 1801 2803 enuntiant
1826 2738 1895 2823 epi-

237 2844 340 2908 stulae
364 2841 575 2930 praelationis
603 2841 675 2905 loco
706 2841 771 2905 iam
799 2841 832 2904 in
861 2841 968 2926 priore
992 2841 1134 2905 editione
1158 2842 1189 2905 ei
1212 2842 1408 2926 praemissae
1434 2841 1629 2929 Hieronymi
1653 2843 1694 2908 ad
1717 2842 1895 2907 Damasum

238 2952 270 3011 ct
298 2947 392 3012 huius
421 2946 597 3032 responsio.
643 2944 717 3010 Hoc
747 2945 832 3010 enim
861 2946 1030 3010 enuntiant
1058 2951 1194 3030 rogante
1225 2944 1425 3032 Hieronymo
1455 2946 1633 3011 Damasum
1666 2947 1893 3033 episcoporum

233 3051 456 3116 Romanorum
480 3053 581 3116 ‘actus
603 3046 779 3136 gestorum'
796 3051 862 3114 sire
887 3047 1003 3134 ‘gesta’
1029 3050 1231 3114 enerravisse
1254 3056 1288 3114 et
1307 3050 1385 3137 ipsis
1402 3050 1546 3137 epistulis
1570 3051 1755 3137 praemissis
1774 3049 1893 3114 Hiero-

235 3157 324 3242 nymi
346 3177 423 3222 cura
445 3176 485 3220 ea
508 3155 636 3240 publice
659 3152 798 3239 prodire.
844 3153 889 3217 ht
912 3154 989 3218 olim
1012 3152 1245 3218 demonstrarit
1268 3153 1517 3219 Schelestratius
1549 3155 1660 3240 (antiq.
1685 3154 1763 3218 eccl.
1786 3152 1849 3217 rol.
1879 3151 1895 3214 l

234 3281 266 3346 p.
283 3264 346 3326 346
362 3281 429 3346 seq.
454 3261 516 3324 369
529 3256 612 3344 seq.)
642 3258 796 3343 epistulas
821 3258 879 3322 has
907 3257 1095 3322 subditicios
1123 3278 1205 3323 esse.
1252 3257 1350 3322 Oerte
1379 3280 1463 3344 quae
1487 3259 1528 3324 de
1553 3260 1713 3347 episcopis
1735 3257 1891 3322 Romanis

234 3366 267 3430 in
290 3365 446 3430 chronicis
469 3363 686 3449 Hieronymus
708 3362 817 3444 habet,
840 3368 911 3426 tote
934 3363 1139 3448 refragantur
1162 3364 1289 3449 corpori
1311 3364 1465 3446 vitarum,
1490 3369 1524 3428 et
1546 3362 1588 3427 ad
1610 3363 1672 3427 hoc
1695 3363 1722 3426 si
1745 3382 1803 3427 sua
1825 3360 1889 3425 for-

233 3477 365 3551 masset,
388 3469 490 3533 multa
514 3469 544 3532 ei
566 3465 721 3531 mutanda
743 3467 883 3547 fuerunt,
907 3467 1051 3552 exempli
1074 3488 1171 3531 eausa
1194 3466 1396 3533 Constantini
1418 3466 1581 3555 baptisma
1604 3487 1623 3531 a
1643 3464 1835 3532 Nicomedia
1857 3469 1891 3528 et

232 3571 375 3636 Eusebio
409 3570 667 3637 transferendum
700 3570 840 3635 Romam
876 3570 919 3635 ad
947 3569 1148 3638 Silvestrum.
1194 3571 1280 3636 Sane
1309 3573 1435 3657 scripsit
1463 3572 1613 3637 chronica
1642 3571 1715 3636 vivo
1745 3569 1890 3634 Damaso

233 3697 262 3742 a.
280 3679 342 3740 378
364 3682 602 3762 potueruntque
618 3676 704 3762 ritae
726 3681 842 3761 postea
866 3675 906 3740 ad
925 3697 998 3740 eum
1022 3677 1209 3751 transmitti;
1233 3675 1291 3742 sed
1315 3675 1432 3742 librum
1450 3677 1490 3742 dc
1507 3678 1583 3741 viris
1604 3676 1783 3741 illustribus
1802 3694 1891 3738 com-

233 3781 340 3866 posuit
361 3785 435 3866 post
450 3780 584 3846 Damasi
607 3779 732 3844 obitum
755 3780 887 3865 eiusque
904 3780 1022 3845 mortui
1044 3781 1090 3845 ihi
1113 3782 1311 3845 mentionem
1335 3780 1457 3846 faciens
1479 3779 1523 3868 (c.
1545 3781 1617 3866 103)
1641 3800 1755 3866 perum
1778 3782 1890 3864 gratus

136 3873 137 3878 ¹
232 3884 330 3948 homo
353 3882 394 3948 de
417 3884 490 3949 ritis
512 3885 574 3949 illis
596 3904 637 3949 ne
660 3883 796 3950 verbum
819 3883 951 3970 quidem
973 3885 1060 3950 iecit.
1098 3883 1180 3949 Mire
1203 3886 1332 3970 ingrata
1355 3887 1452 3950 etiam
1476 3885 1651 3973 posteritas
1674 3885 1744 3966 luit,
1768 3883 1891 3947 scilicet

234 3988 377 4075 corporis
398 3987 493 4054 huius
515 3989 557 4054 ab
581 3989 735 4076 episcopo
751 3989 898 4054 Romano
923 3990 1093 4076 conscripti
1116 3995 1150 4054 et
1165 3988 1207 4053 ad
1230 3996 1395 4054 auctorem
1420 3991 1577 4054 illustrem
1600 3987 1689 4054 missi
1712 4007 1772 4074 per
1793 4005 1894 4050 annos

232 4097 396 4157 trecentos
424 4113 521 4158 nemo
552 4094 699 4158 meminit
726 4100 801 4158 ante
824 4092 951 4158 Bedam
983 4099 1149 4158 auctorem
1176 4094 1297 4158 saeculi
1326 4094 1432 4160 octari
1461 4095 1506 4180 (p.
1523 4092 1629 4172 XVI).
1675 4091 1825 4177 Denique
1851 4088 1893 4153 ad

232 4217 285 4260 res
308 4217 391 4283 quae
415 4203 573 4284 spectant,
600 4197 641 4263 de
666 4199 770 4284 quarti
786 4198 908 4263 saeculi
924 4199 1084 4284 episcopis
1108 4217 1191 4284 quac
1207 4205 1388 4280 narrantia,
1412 4205 1478 4263 tam
1496 4197 1595 4263 exilia
1616 4201 1740 4260 suntet
1761 4200 1891 4280 pertur-

231 4301 324 4383 bata,
358 4308 395 4366 ut
420 4301 508 4365 nullo
538 4301 635 4365 modo
664 4303 793 4388 aequali
820 4302 916 4366 tribui
947 4303 1085 4388 possint,
1119 4302 1219 4367 verba
1248 4309 1356 4366 autem
1388 4307 1455 4366 tam
1482 4302 1597 4366 inscita
1630 4307 1664 4364 et
1693 4301 1822 4384 inepta,
1858 4303 1894 4361 ut

233 4404 429 4469 abhorreant
453 4403 507 4468 rel
536 4404 579 4469 eb
609 4404 664 4469 illo
694 4405 825 4470 homine
852 4404 1070 4469 versificatore
1099 4425 1214 4491 parum
1244 4404 1348 4488 felici,
1379 4404 1437 4470 sed
1467 4425 1531 4469 non
1560 4405 1657 4491 plane
1686 4402 1826 4468 barbaro
1861 4407 1894 4465 et

232 4508 274 4573 ab
307 4508 516 4572 humanitatis
547 4513 695 4573 vetustae
722 4509 866 4595 reliquiis
894 4530 959 4573 non
993 4509 1121 4573 omnino
1158 4509 1323 4574 destituto.
1374 4510 1489 4596 ltaque
1524 4515 1598 4595 post
1626 4506 1892 4572 schelestratium

232 4633 328 4678 nemo
357 4633 453 4678 ausus
481 4619 531 4677 est
561 4614 771 4700 patrocinium
800 4611 888 4678 rudis
921 4613 1015 4678 huius
1039 4614 1215 4678 commenti
1246 4614 1412 4700 suscipere
1440 4613 1580 4700 profecti
1608 4612 1648 4677 ab
1679 4616 1810 4676 auctore
1833 4609 1891 4674 ali-

232 4729 390 4804 quatenus
415 4718 542 4782 imitato
566 4718 720 4805 epistulas
748 4739 842 4784 seres
870 4719 1054 4783 notissimas
1081 4717 1123 4782 ab
1146 4717 1347 4804 Hieronymo
1376 4717 1418 4783 ad
1446 4717 1625 4782 Damasum
1648 4723 1682 4781 et
1704 4715 1773 4780 rice
1796 4733 1892 4778 versa

232 4821 369 4904 datas2).
421 4821 635 4888 Nihilominus
668 4823 887 4910 praelationes
918 4843 978 4887 eae
1011 4823 1140 4887 omnino
1171 4823 1298 4909 corpori
1326 4824 1481 4908 aequales
1513 4823 1706 4902 effecerunt,
1739 4823 1776 4882 ut
1804 4819 1890 4882 ritae

232 4945 253 4952 ιη
259 4945 336 4952 -.-...
557 4949 560 4952 .
568 4948 645 4954 ...--

336 5028 350 5080 1
368 5030 516 5082 siruestrem
533 5039 593 5082 cate
611 5047 678 5082 corr.
696 5031 767 5092 cod.,·
784 5032 897 5097 rapotae
909 5040 1035 5097 punctum
1054 5031 1150 5098 dupla
1248 5027 1310 5082 9.10
1327 5031 1439 5097 spolium
1457 5039 1516 5082 aaa
1536 5046 1635 5082 menses
1743 5025 1775 5078 12
1792 5027 1820 5078 ia
1832 5027 1889 5092 fiae

229 5131 323 5166 sacam
335 5117 467 5181 posterior
483 5117 620 5184 adscripsit
637 5117 766 5184 quaedam
783 5118 861 5170 cerda
879 5135 910 5170 ea
930 5119 1029 5171 omos.

337 5255 357 5320 ¹)
376 5257 528 5324 Hieronymi
545 5257 658 5308 versioni
674 5262 796 5321 quattuor
813 5258 1008 5324 euangeliorum
1026 5257 1165 5323 praemissa
1187 5256 1300 5323 epistula
1322 5257 1354 5307 ad
1372 5257 1514 5308 Damasum
1537 5271 1629 5322 papam
1646 5253 1765 5318 aliaeque
1782 5250 1888 5314 similes,

231 5324 342 5418 maxirh'q
360 5343 428 5394 duae
445 5343 494 5410 (ep.
507 5341 549 5395 35.
564 5340 598 5394 36
616 5343 889 5410 Hieronymianarnm)
908 5345 1015 5396 Damasi
1032 5345 1066 5395 ad
1083 5344 1273 5410 Hieronymum
1291 5350 1317 5394 et
1334 5343 1413 5394 huius
1430 5343 1464 5394 ad
1481 5341 1555 5393 illum
1573 5339 1723 5392 subditicios
1741 5337 1886 5405 complures

229 5423 429 5508 procreaierunt
446 5430 604 5496 Hieronymo
625 5431 771 5482 Damasove
795 5430 936 5498 adscriptas
959 5429 1147 5498 (opprobii
1172 5448 1197 5498 p.
1216 5427 1344 5496 alama
1367 5429 1511 5481 Hinachins
1529 5426 1668 5480 decretales
1686 5425 1889 5500 pseudo-Isido-

229 5515 319 5568 rianae
337 5509 362 5582 p.
373 5512 437 5579 4983
456 5516 628 5568 Tischendorl
646 5533 739 5584 evang.
759 5533 845 5584 apocr.
863 5514 934 5568 edss
952 5534 977 5585 p.
989 5515 1049 5582 bl),
1074 5517 1119 5568 sad
1138 5523 1223 5568 aetate
1240 5517 1278 5567 ita
1295 5516 1400 5581 recenti,
1428 5521 1458 5566 nt
1479 5530 1525 5566 eas
1543 5512 1699 5582 pontificalis
1716 5512 1777 5564 libri
1794 5517 1888 5563 auctor

228 5601 350 5654 adhibere
368 5619 420 5654 non
438 5605 557 5670 potnerit.
593 5606 629 5656 At
646 5611 675 5656 nt
699 5620 731 5655 ex
756 5603 874 5672 epistulis
895 5604 963 5655 veris
985 5605 1093 5656 Damasi
1116 5611 1142 5655 et
1158 5603 1311 5670 Hieronymi
1336 5603 1517 5655 commercium
1540 5601 1718 5668 epistolarium
1741 5600 1829 5664 novit,
1853 5599 1889 5650 ita

229 5690 395 5754 praefatorias
413 5689 472 5742 illas
489 5700 649 5742 commentos
670 5700 710 5744 est
731 5693 766 5743 ad
788 5691 933 5756 exemplum
953 5706 1049 5752 cuum,
1067 5707 1136 5756 quae
1154 5689 1337 5756 martyrologio
1354 5681 1558 5754 Hieronymianc
1578 5705 1623 5755 pro
1641 5687 1799 5755 praefatione
1817 5691 1888 5746 amit,

1647 5789 1682 5844 b*
