4612 6436
946 409 1232 468 Paouueolluus.
1781 411 1924 469 CXXXIII

262 582 515 647 contaminatum
545 583 731 669 exemplum
760 582 925 664 formatis,
952 584 1000 649 ita
1031 584 1130 650 etiam
1151 585 1252 650 libros
1274 583 1359 649 GE‘
1381 585 1501 670 passim
1529 583 1637 650 lacere
1661 607 1733 652 cum
1757 587 1860 652 classe
1884 607 1924 652 ea

261 686 436 764 laterculus
466 687 607 753 ostendit
634 708 731 774 supra
760 708 791 773 p.
809 686 921 753 em
936 709 1005 776 seq.
1028 689 1212 776 propositus
1243 689 1392 755 vitiorum
1421 689 1531 754 classis
1554 689 1716 755 secundae
1738 713 1858 777 magna
1882 712 1925 757 ex

262 798 355 875 parte
379 791 595 856 communium
618 792 714 856 classi
736 792 767 856 ei
789 812 862 858 cum
886 794 992 876 tertia,
1016 814 1089 858 cum
1113 814 1131 858 e
1155 795 1315 859 contrario
1340 814 1383 858 ex
1404 795 1489 858 vitiis
1513 795 1608 859 classi
1635 795 1761 880 primae
1785 796 1923 882 propriis

262 895 392 980 gravius
413 896 536 960 nullum
559 895 674 962 redeat
695 896 729 960 in
751 896 841 962 libris
859 898 987 962 tertiae.
1031 897 1148 962 Potest
1162 897 1300 963 fortasse
1313 898 1448 963 ulterius
1464 897 1600 984 procedi
1620 899 1812 964 examinatis
1828 899 1924 964 hiati-

261 999 322 1065 bus
344 999 532 1067 hiatuumse
554 1001 699 1086 vestigiis
724 1001 946 1066 communibus
970 1002 1065 1067 classi
1087 1001 1250 1068 secundae
1273 1003 1467 1090 tertiaeque.

439 1107 492 1188 48,
509 1130 533 1170 ιι
557 1105 612 1190 qui
634 1109 754 1191 praest.
778 1105 837 1171 sol.
859 1107 894 1170 lu
915 1105 1051 1171 fundum
1074 1105 1156 1172 duas
1179 1126 1272 1171 casas
1296 1112 1318 1170 t.
1342 1127 1367 1173 s.
1392 1127 1450 1171 οηι.
1467 1105 1564 1170 ΕΜ
1582 1127 1655 1171 cum
1670 1107 1735 1171 Bu

441 1211 493 1292 56,
507 1233 532 1274 ιι
554 1213 675 1295 praest.
699 1209 757 1278 sol.
782 1208 833 1274 dcl
856 1232 898 1276 m.
921 1211 1111 1298 sulphorata
1132 1217 1155 1275 t.
1178 1233 1209 1274 n.
1233 1231 1292 1275 orn.
1310 1210 1393 1274 E1⁸⁸
1409 1232 1481 1276 cum
1498 1210 1547 1276 Β8
1962 1291 1964 1296 ι

441 1316 493 1398 62,
508 1338 533 1378 ιι
555 1313 717 1400 possessio
734 1315 892 1401 nymphas
916 1366 923 1380 .
942 1364 975 1381 ..
998 1341 1024 1381 ιι
1040 1315 1171 1381 ciuitate
1187 1314 1301 1380 falisca
1316 1335 1374 1380 om.
1391 1313 1453 1398 13⁴,
1469 1319 1684 1395 transponunt
1701 1317 1828 1379 matuta
1842 1311 1877 1376 Ε
1887 1313 1925 1353 ¹¹⁶

442 1419 495 1502 88,
513 1441 538 1482 ιι
560 1439 650 1482 amas
673 1439 702 1483 a.
726 1440 757 1505 p.
781 1440 805 1482 s.
829 1419 849 1482 l.
865 1441 912 1483 xx
935 1440 993 1484 osa.
1010 1419 1097 1503 ΒΜ,
1120 1424 1335 1500 transponunt
1351 1418 1438 1482 Ειιθ

441 1523 494 1604 95,
510 1547 534 1587 ιι
557 1520 599 1587 ad
621 1520 754 1586 beatum
778 1522 910 1608 paulum
933 1571 993 1588 ...
1016 1549 1042 1589 ιι
1064 1522 1121 1590 lib.
1143 1523 1276 1587 uicenas
1299 1543 1358 1588 orn.
1375 1522 1459 1587 Ειιῦ
1474 1543 1546 1587 cum
1560 1522 1611 1588 Β8

445 1628 497 1707 97,
513 1650 538 1690 ιι
562 1626 679 1690 calices
702 1627 776 1692 min.
801 1627 907 1693 aur.ii
930 1648 961 1713 p.
986 1649 1012 1692 s.
1034 1626 1090 1694 lib.
1114 1627 1259 1714 singulas
1282 1647 1339 1692 om.
1359 1626 1394 1690 Ε
1402 1627 1441 1666 ¹·⁸
1456 1647 1530 1690 oum
1544 1625 1594 1691 B*

266 1746 450 1812 Secundum
471 1747 555 1812 haec
584 1747 712 1814 videtur
743 1750 911 1836 exemplar
933 1748 986 1833 id,
1009 1771 1029 1815 a
1054 1770 1116 1837 quo
1147 1748 1294 1836 pendent
1324 1748 1397 1814 libri
1427 1749 1527 1814 nostri
1554 1747 1648 1831 GE‘,
1680 1768 1746 1813 non
1775 1745 1928 1811 habuisse

264 1852 316 1916 vel
339 1851 381 1916 ad
403 1852 584 1938 marginem
606 1851 759 1916 habuisse
783 1872 867 1938 quae
889 1852 1009 1918 absunt
1032 1853 1227 1918 afueruntve
1251 1874 1271 1918 a
1292 1853 1382 1918 libris
1398 1851 1447 1917 13³
1472 1858 1505 1917 et
1529 1851 1590 1935 13⁴,
1617 1853 1651 1916 in
1672 1851 1723 1916 his
1746 1857 1862 1938 postea
1885 1871 1928 1914 ex

265 1962 358 2041 parte
382 1957 524 2042 expleta.
568 1955 623 2020 Ad
644 1955 791 2021 codicem
811 1955 857 2020 0³
878 1957 962 2022 haec
985 1978 1049 2022 non
1074 1958 1278 2043 perveniunt,
1303 1962 1336 2022 et
1359 1962 1468 2042 potest
1491 1956 1561 2020 cius
1584 1955 1797 2041 archetypum
1814 1974 1928 2040 quam·

266 2081 362 2146 quam
385 2061 495 2124 classis
518 2060 681 2126 secundae
705 2067 739 2125 st
760 2061 881 2147 ipsum,
912 2067 1047 2126 eatenus
1077 2060 1119 2125 ab
1151 2061 1331 2146 archetypo
1352 2061 1509 2126 librorum
1527 2057 1611 2124 GE⁶
1634 2058 1796 2124 diversum
1819 2059 1928 2124 fnisse.

370 2180 509 2247 Praeter
524 2182 608 2248 hunc
623 2183 741 2248 librum
756 2183 905 2248 librarius
922 2185 1081 2269 princeps,
1104 2203 1124 2247 a
1146 2203 1210 2269 quo
1226 2182 1371 2269 pendent
1386 2182 1604 2263 contaminati,
1621 2181 1769 2247 adhibuit
1784 2180 1930 2246 codicem

268 2285 399 2370 originis
429 2285 587 2351 diversae.
636 2286 718 2352 Inde
746 2307 830 2373 quae
861 2286 1054 2374 adsumpsit,
1081 2288 1116 2352 in
1145 2288 1291 2372 margine
1325 2307 1399 2352 eum
1428 2287 1635 2352 adnotavisse
1659 2286 1856 2373 exemplaris
1880 2286 1930 2349 sui

266 2389 386 2474 sumpti
413 2408 456 2453 ex
483 2390 586 2455 classe
614 2389 773 2474 secunda,
802 2389 944 2455 ostendit
972 2396 1082 2455 textus
1110 2391 1302 2476 plerumque
1331 2388 1454 2455 faciens
1484 2411 1557 2456 cum
1580 2410 1620 2455 ea
1643 2390 1742 2454 etiam
1764 2391 1797 2454 ln
1830 2391 1930 2456 falsis.

264 2491 416 2580 Denique
438 2494 512 2559 libri
535 2494 734 2580 complures,
756 2494 789 2558 in
811 2493 861 2558 his
878 2493 1105 2577 Farnesianus,
1130 2493 1420 2580 dittographiarum
1443 2494 1582 2580 vestigia
1604 2514 1669 2558 non
1693 2514 1766 2559 rara
1789 2500 1930 2560 servant.

265 2596 445 2662 Videamus
460 2598 568 2684 igitur,
592 2598 681 2663 cuius
696 2598 826 2684 generis
842 2597 988 2663 codicem
1004 2599 1240 2663 contaminator
1255 2595 1473 2684 adsumpserit
1493 2602 1527 2662 et
1542 2597 1705 2685 quomodo
1728 2599 1929 2685 propositum

266 2702 439 2788 peregerit.

370 2804 525 2870 Oodicem
549 2825 623 2870 eum
646 2805 863 2892 adsumpsisse
885 2806 1010 2893 primae
1034 2806 1156 2888 classis,
1179 2806 1213 2871 id
1236 2807 1323 2893 quod
1347 2807 1460 2871 statuit
1476 2806 1692 2890 Duchesnius,
1715 2807 1804 2871 nullo
1828 2805 1926 2870 modo

267 2913 376 2995 potest
398 2908 538 2984 admitti;
564 2931 639 2975 nam
662 2910 764 2975 multa
787 2909 906 2975 adiecit
929 2911 1058 2975 omuino
1081 2910 1237 2996 genuina,
1262 2931 1346 2997 quae
1377 2911 1418 2976 ab
1451 2913 1521 2976 eius
1544 2910 1664 2976 ordinis
1685 2910 1776 2975 libris
1798 2910 1926 2975 absunt.

267 3012 410 3097 Minora,
441 3020 477 3078 ut
508 3014 714 3080 donariorum
746 3015 989 3101 supplementa,
1021 3021 1155 3102 possunt
1184 3015 1283 3080 luisse
1305 3015 1338 3079 in
1361 3015 1543 3102 exemplari
1565 3015 1675 3081 classis
1699 3015 1768 3079 eius
1791 3012 1930 3078 Lucensi

269 3124 379 3183 nostro
401 3119 654 3204 praestantiore;
678 3118 738 3183 sed
755 3120 922 3184 enuntiata
944 3140 1009 3184 non
1031 3139 1137 3206 pauca
1159 3119 1193 3184 in
1208 3120 1358 3206 epitomis
1374 3119 1546 3185 redeuntia
1561 3120 1630 3184 sine
1648 3117 1747 3184 dubio
1763 3137 1806 3182 ex
1821 3122 1932 3181 nostra

270 3222 373 3287 classe
395 3223 500 3309 prima
522 3244 588 3288 non
611 3223 802 3288 exciderunt
825 3224 920 3311 culpa
941 3224 1156 3290 librariorum.

371 3343 531 3431 Epitomis
551 3345 629 3431 ipsis
644 3365 710 3409 non
723 3347 829 3430 magis
844 3366 920 3409 usus
936 3351 996 3426 est,
1012 3366 1088 3410 nam
1105 3366 1300 3432 quamquam
1322 3345 1442 3430 passim
1466 3344 1758 3410 contaminatorum
1772 3343 1931 3408 lectiones

268 3447 391 3532 probae
415 3470 487 3513 cum
509 3449 548 3513 iis
571 3448 784 3531 consentiunt,
807 3449 901 3534 plura
924 3447 1014 3513 dedit
1037 3449 1272 3514 contaminator
1294 3449 1327 3512 in
1349 3448 1507 3534 epitomas
1529 3468 1593 3512 non
1614 3452 1757 3534 recepte.

372 3567 481 3635 Unum
503 3571 602 3656 igitur
621 3575 770 3656 superest
792 3569 980 3634 adhibuisse
1004 3590 1079 3634 eum
1102 3571 1273 3656 exemplar
1300 3575 1356 3633 aut
1383 3569 1483 3655 ipsius
1510 3569 1708 3634 recensionis
1731 3567 1845 3653 prioris
1869 3569 1929 3630 aut

269 3679 356 3736 certe
386 3673 462 3738 inde
492 3674 648 3761 pendens.
701 3673 751 3738 ua
787 3694 860 3738 cum
892 3675 995 3738 multo
1025 3675 1129 3760 magis
1161 3673 1341 3738 consentiat
1367 3694 1441 3738 cum
1468 3673 1571 3738 classe
1598 3673 1703 3760 prima
1730 3691 1828 3758 quam
1859 3690 1932 3734 cum

269 3776 382 3858 altera,
406 3798 489 3864 qnae
512 3779 546 3842 in
568 3777 794 3843 contaminatis
817 3799 890 3842 cum
913 3778 969 3842 illa
991 3777 1206 3858 conveniunt,
1229 3777 1351 3864 pariter
1374 3778 1543 3863 exprime
1575 3775 1718 3842 editione
1741 3776 1810 3862 peti
1832 3779 1928 3860 potn-

271 3887 374 3945 erunt.
405 3880 548 3970 Deinde
571 3888 660 3956 reete
684 3880 730 3945 sic
753 3881 935 3968 explicatur
950 3901 1125 3945 consensus
1142 3881 1435 3946 contaminatorum
1452 3902 1525 3945 cum
1542 3881 1692 3966 epitomis
1716 3884 1749 3944 et
1770 3879 1803 3943 in
1820 3876 1932 3964 spatIis

270 3985 515 4071 episcopatuum
548 3991 583 4050 st
608 3986 642 4050 in
669 3983 899 4050 additamentis
927 3989 961 4050 et
987 3985 1149 4050 interdum
1178 3986 1278 4050 ctiam
1301 3983 1372 4072 (93,
1387 3983 1426 4070 so)
1450 3985 1482 4049 in
1511 3985 1616 4049 forma
1639 3983 1832 4057 verborum
1863 3981 1933 4068 epi-

270 4093 380 4153 tomae
404 4090 491 4154 euim
514 4090 620 4154 factae
643 4096 717 4154 sunt
740 4088 783 4153 ad
806 4089 982 4154 editionem
1005 4091 1157 4176 priorem.

212 4299 213 4302 Ἴ
372 4209 478 4296 Ipsius
517 4210 666 4276 editionis
704 4211 819 4297 prioris
852 4212 984 4297 plenum
1024 4212 1212 4297 exemplum
1253 4211 1307 4276 via
1344 4209 1459 4275 habuit
1495 4211 1740 4275 contaminator.
1801 4205 1933 4272 Abeunt

270 4314 356 4378 enim
384 4335 403 4378 a
432 4314 534 4380 classe
569 4317 666 4380 tertia
695 4315 856 4402 quaedam
886 4317 1007 4381 omissa
1036 4317 1069 4380 in
1102 4316 1245 4402 epitome
1277 4319 1430 4400 utraque,
1463 4312 1522 4378 sed
1545 4313 1587 4378 ad
1609 4315 1715 4400 ipsum
1737 4311 1934 4378 recensionis

269 4419 384 4505 prioris
414 4426 579 4485 auctorem
606 4420 791 4488 referenda.
835 4420 887 4484 Ita
916 4441 959 4485 ex
980 4420 1060 4485 locis
1083 4419 1209 4485 duobus
1239 4417 1281 4484 de
1305 4419 1388 4484 Lino
1421 4424 1455 4482 et
1477 4416 1571 4482 Oleto
1596 4419 1638 4499 (3,
1654 4440 1677 4481 ι.
1703 4419 1732 4493 7,
1747 4420 1773 4499 ι)
1797 4415 1935 4480 alterum

271 4524 422 4588 omittunt
446 4530 514 4589 tam
534 4523 581 4591 0³
605 4545 702 4612 quam
718 4523 753 4588 Ε
760 4527 781 4608 ⁶,
810 4526 950 4590 alterum
981 4527 1037 4590 ille
1072 4526 1177 4606 solus,
1206 4524 1446 4589 consentientes
1473 4524 1506 4588 in
1536 4543 1576 4586 ea
1607 4542 1641 4586 re
1670 4542 1743 4587 cum
1773 4518 1934 4606 epitomis,

270 4627 429 4714 aquibus
451 4629 582 4700 absunt;
606 4629 758 4693 omittunt
772 4629 851 4694 item
870 4630 940 4694 aliis
957 4630 1037 4695 locis
1061 4627 1128 4716 (74,
1145 4653 1165 4694 s.
1191 4631 1243 4708 83,
1259 4627 1298 4710 ιι)
1321 4628 1446 4691 minora
1469 4624 1642 4712 quaedam,
1666 4644 1749 4710 quae
1773 4624 1852 4688 item
1876 4621 1932 4687 ab·

272 4736 345 4794 sunt
372 4731 414 4796 ab
439 4732 605 4817 epitomis,
629 4731 745 4796 adsunt
767 4733 800 4796 in
824 4734 1068 4820 exemplaribus
1091 4732 1289 4798 recensionis
1312 4732 1431 4817 plenae
1455 4730 1613 4795 omnibus.
1659 4729 1774 4794 Potest
1797 4747 1934 4792 consen-

272 4856 326 4898 sus
349 4835 448 4900 etiam
471 4837 534 4902 alio
558 4835 655 4900 modo
680 4836 849 4922 explicari;
872 4837 1079 4903 nihilominus
1102 4837 1273 4924 probabile
1303 4841 1353 4901 est
1382 4835 1432 4899 his
1460 4835 1540 4899 locis
1563 4833 1707 4920 pendere
1734 4831 1934 4898 contamina·

271 4943 445 5003 toramen
469 4941 613 5025 epitoma
635 4940 792 5026 pleniore,
816 4943 904 5007 cuius
928 4963 1026 5029 supra
1049 4944 1093 5029 (p.
1111 4941 1203 5008 XIV.
1227 4939 1323 5006 OXII
1335 4938 1421 5026 seq.)
1446 4938 1647 5004 ostendimus
1672 4938 1751 5002 duas
1776 4957 1832 5001 eas
1856 4955 1935 5021 quas

271 5041 430 5107 habemus
455 5064 526 5108 esse
549 5043 720 5109 breviaria.
758 5044 907 5124 Accedit,
930 5046 965 5110 id
988 5046 1075 5132 qnod
1098 5047 1201 5111 maius
1222 5049 1424 5109 momentum
1446 5043 1557 5124 habet,
1582 5041 1670 5128 qnod
1692 5047 1767 5128 post
1789 5044 1935 5104 aetatem

271 5145 564 5213 Theodericianam
586 5149 696 5213 classis
726 5150 843 5213 tertiae
873 5151 1075 5236 exemplaria
1105 5149 1301 5215 recensionis
1331 5168 1352 5211 a
1382 5147 1477 5212 solita
1500 5146 1648 5212 diversae
1678 5143 1817 5229 vestigia
1845 5147 1935 5206 certe

271 5250 360 5314 nulla
382 5250 599 5338 suppeditant.
646 5251 719 5318 Hoc
741 5258 831 5318 reete
859 5254 1085 5340 explicabitur,
1110 5254 1167 5319 ubi
1189 5272 1355 5318 sumemus
1380 5252 1545 5338 epitomen
1568 5251 1725 5314 maiorem
1748 5247 1870 5312 factam
1894 5244 1936 5310 ad

271 5354 499 5441 explicandum
522 5377 636 5442 corpus
657 5355 970 5422 SanctimaurIanum
993 5379 1058 5422 non
1073 5358 1263 5444 pervenisse
1287 5355 1329 5420 ad
1345 5363 1493 5442 tempora
1510 5352 1716 5418 Theoderico
1740 5350 1933 5438 posteriora.

374 5474 619 5543 Contaminator
652 5498 768 5564 corpus
800 5479 936 5544 vitarum
971 5479 1133 5566 quomodo
1167 5478 1314 5543 tractarit
1342 5477 1369 5541 si
1402 5476 1604 5562 quaerimus,
1633 5475 1739 5540 nullus
1769 5493 1813 5536 ex
1848 5469 1938 5536 libris

272 5600 370 5666 supra
403 5581 507 5645 citatis
541 5583 628 5647 solus
663 5583 794 5665 sufficit,
821 5603 883 5648 nec
910 5583 1025 5670 potuit.
1081 5582 1167 5648 Nam
1194 5584 1263 5648 sins
1298 5580 1397 5646 dubio
1428 5601 1505 5645 usus
1534 5577 1778 5665 exemplaribus
1812 5575 1938 5642 duobus

271 5681 314 5746 ad
339 5684 388 5748 sui
410 5685 591 5770 marginem
614 5686 757 5752 diversas
780 5687 937 5753 lectiones
953 5689 1075 5773 passim
1091 5687 1259 5754 adnotavit
1279 5685 1355 5752 inde
1374 5687 1463 5751 narie
1486 5684 1659 5749 translatas
1683 5683 1716 5748 in
1732 5681 1939 5769 exemplaria
