4538 6420
356 427 409 486 ΧΠ
1047 431 1333 486 Paouuuouuus.

357 603 567 668 crederentur
595 624 660 668 non
690 605 816 689 privata
845 623 947 691 opera
970 605 1175 685 elaboratae,
1209 605 1269 670 sed
1298 604 1339 668 ab
1368 606 1444 691 ipsis
1472 607 1631 693 episcopis
1663 607 1821 671 ecclesiae
1845 607 2016 694 primariae

357 708 486 793 publice
526 705 650 788 editae,
688 709 893 773 continuatae
928 713 1056 790 autem,
1094 729 1166 773 oum
1205 708 1248 773 ad
1281 707 1416 772 Damasi
1453 711 1553 796 ipsius
1587 711 1685 774 vitam
1722 717 1756 774 et
1792 711 2016 797 episcoporum

356 812 570 896 posteriorum
597 811 713 875 notitia
735 814 876 877 auctoris
903 813 992 876 nulla
1020 813 1183 899 adscripta
1212 813 1423 899 reperiretur,
1451 815 1538 878 iussu
1566 813 1806 879 succedentium
1829 815 2016 899 pontificum

356 919 521 1001 tamquam
545 935 646 1002 opera
668 915 804 1002 publice¹
821 916 985 980 mandata.
1026 915 1228 980 Procedente
1252 921 1362 980 aetate
1386 937 1464 980 sane
1489 923 1522 981 et
1545 918 1627 982 libro
1651 917 1693 982 ab
1717 919 1855 982 ccclesia
1883 925 2015 1005 recepto

356 1039 433 1083 vere
456 1019 643 1105 pontificum
666 1021 753 1084 iussu
777 1040 853 1084 eum
877 1021 1095 1083 continuatum
1127 1039 1198 1083 esse
1221 1019 1391 1104 probabile
1416 1025 1475 1102 est,
1501 1019 1557 1085 sed
1582 1020 1623 1085 ad
1647 1041 1720 1086 eam
1742 1027 1896 1104 aetatem,
1920 1043 2015 1109 quam

355 1121 433 1186 mihi
466 1123 669 1187 tractandam
702 1124 840 1209 sumpsi,
874 1122 909 1186 id
941 1123 996 1187 vix
1030 1123 1179 1208 persenit
1192 1121 1226 1206 ¹).
1284 1121 1424 1188 Omnino
1461 1123 1544 1190 haec
1581 1125 1648 1189 sive
1686 1125 1803 1190 ficticia
1837 1127 1904 1191 sive
1938 1147 2017 1192 vera

357 1226 448 1310 origo
470 1228 602 1312 publica
630 1227 852 1292 incredibilem
881 1228 1024 1313 corporis
1054 1247 1114 1313 pcr
1143 1227 1274 1291 saecula
1304 1229 1485 1313 posteriora
1508 1229 1733 1294 auctoritatem
1764 1229 1951 1314 explicabit.
1975 1269 2016 1280 —-

356 1328 564 1395 Anastasium
587 1330 868 1397 bibliothecarium
884 1329 1042 1396 Nicolail
1067 1351 1152 1396 saec.
1168 1330 1217 1394 IX
1240 1337 1407 1396 auctorem
1432 1333 1575 1418 corporis
1592 1333 1770 1419 appellarit
1792 1334 1913 1419 primm
1929 1333 2016 1398 Pan-

356 1434 460 1497 viuius
483 1453 574 1498 mero
598 1454 717 1516 errore,
741 1433 859 1500 deinde
883 1455 943 1521 per
966 1435 1096 1500 saecula
1117 1434 1258 1499 refutato
1283 1435 1425 1521 quidem,
1449 1436 1593 1500 sednon
1618 1436 1758 1501 abiecto.
1802 1435 1952 1502 Diximus
1975 1438 2016 1503 de

357 1557 397 1600 eo
424 1538 523 1619 iufra,
556 1538 611 1602 ubi
640 1537 779 1602 editores
809 1545 842 1603 et
870 1545 1044 1625 apparatus
1076 1545 1294 1603 recensentur.
1330 1577 1368 1584 -
1404 1537 1538 1604 Librum
1565 1541 1718 1626 scriptum
1748 1559 1821 1604 esse
1849 1541 2017 1606 aclericis

357 1641 516 1706 dioecesis
540 1641 707 1706 Romanae
735 1641 809 1706 inde
832 1643 1034 1729 potissimum
1058 1648 1210 1730 apparet,
1239 1643 1325 1729 quod
1351 1643 1472 1728 passim
1496 1649 1645 1708 auctores
1678 1643 1802 1708 addunt
1830 1651 1902 1710 acta
1932 1666 2015 1730 quae

357 1745 457 1810 citant
479 1744 642 1810 adservari
665 1747 698 1809 in
721 1747 789 1810 eius
813 1747 933 1830 archio,
958 1745 1085 1832 quade
1109 1767 1145 1812 re
1167 1747 1261 1830 inira,
1285 1746 1340 1811 ubi
1362 1746 1402 1812 de
1425 1747 1569 1812 sontibus
1596 1747 1735 1830 dicetur,
1758 1767 1864 1812 sermo
1888 1749 2015 1814 redibit.

358 1847 557 1914 Confirmant
588 1869 657 1914 rem
686 1850 887 1934 aliquatenus
917 1856 1006 1916 certe
1036 1850 1198 1916 domicilia
1220 1851 1370 1916 codicum
1394 1851 1697 1936 antiquissimorum.
1743 1849 1863 1916 Classis
1894 1853 2016 1939 primae

356 1951 440 2016 liber
465 1955 635 2038 primarius
666 1959 702 2017 ut
730 1952 827 2018 hodie
856 1955 903 2017 ita
933 1957 1056 2040 origine
1087 1960 1137 2020 eat
1163 1955 1333 2036 Lucensis,
1370 1954 1581 2040 eiusdemque
1611 1957 1722 2020 classis
1750 1955 1832 2020 libro
1862 1977 1938 2020 usus
1968 1963 2018 2020 cst

357 2053 542 2122 Hadrianus
564 2057 581 2121 I
604 2056 775 2143 episcopus
797 2057 962 2122 &manus
986 2057 1074 2144 (ride
1098 2060 1140 2125 ad
1163 2063 1214 2142 98,
1230 2057 1273 2144 4).
1319 2057 1440 2124 Classis
1468 2061 1584 2124 tertiae
1607 2058 1811 2144 interpolatio
1835 2078 1899 2122 una
1928 2065 2016 2122 certe

358 2159 447 2242 (ride
482 2161 564 2226 inlra
591 2161 634 2226 ad
665 2164 716 2239 32,
740 2163 772 2243 2)
806 2163 885 2228 item
919 2162 1006 2228 ducit
1040 2161 1082 2226 ad
1114 2161 1296 2246 Etruriam,
1335 2170 1369 2228 et
1402 2185 1445 2229 ex
1478 2162 1637 2229 eiusmodi
1665 2163 1747 2228 libro
1781 2169 1911 2248 sumpta
1944 2169 2018 2228 sunt

357 2283 444 2330 saec.
466 2263 532 2330 Vll
561 2271 717 2352 excerpta
745 2265 882 2330 fortasse
910 2287 974 2331 nou
1004 2265 1177 2331 adservata
1206 2273 1347 2349 tantum,
1382 2266 1441 2331 sed
1472 2267 1591 2352 scripta
1620 2285 1748 2353 quoque
1777 2265 1933 2332 Mutinae.
1978 2267 2017 2331 In

357 2367 500 2432 secunda
523 2369 625 2433 classe
649 2369 863 2455 antiquissimi
886 2369 1005 2456 quique
1028 2369 1101 2434 libri
1124 2375 1198 2434 sunt
1221 2368 1403 2435 Bobienses
1434 2370 1521 2452 duo,
1546 2369 1645 2436 hodia
1668 2370 1751 2434 alter
1772 2369 2017 2456 Neapolitanus,

358 2473 440 2536 alter
463 2471 681 2538 Teuriuensis.
727 2473 813 2538 Item
836 2471 1053 2538 adhibuerunt
1075 2475 1193 2540 librum
1215 2481 1364 2540 auctores
1386 2473 1491 2539 Italici
1514 2475 1633 2540 vetusti
1660 2473 1781 2538 Paulus
1807 2473 1960 2539 diaconus
1983 2481 2017 2538 et

358 2577 412 2661 qui
439 2577 565 2662 scripsit
593 2583 688 2662 gesta
717 2578 942 2664 episcoporum
971 2575 1269 2665 Neapolitanorum.
1315 2577 1408 2642 Beda
1438 2577 1564 2664 Anglus
1593 2577 1678 2665 quod
1711 2576 1826 2642 eodem
1854 2599 1930 2644 usus
1958 2587 2016 2660 ast,

358 2681 551 2746 commercio
583 2682 651 2746 eius
676 2701 748 2745 cum
772 2681 863 2744 Italis
886 2687 975 2746 recte
1000 2684 1150 2748 convenit
1171 2701 1278 2769 neque
1308 2681 1454 2746 absimile
1483 2681 1551 2746 veri
1575 2689 1625 2746 est
1646 2681 1869 2746 Pontificalem
1900 2683 2016 2748 librum

357 2783 578 2870 Transalpinis
600 2785 740 2871 primum
762 2785 938 2850 innotuisse
962 2806 1022 2873 per
1045 2785 1184 2852 eundem
1200 2785 1337 2851 Bedam.
1375 2784 1548 2872 Epitomae
1571 2792 1660 2851 certa
1678 2785 1896 2870 Cononianae,
1920 2807 2016 2873 quam

356 2909 434 2952 mox
456 2888 636 2954 videbimus
666 2891 819 2974 scriptam
849 2910 921 2954 csse
942 2891 977 2955 iu
1005 2890 1202 2956 monasterio
1234 2890 1342 2976 aliquo
1371 2888 1528 2954 dioecesis
1551 2888 1853 2975 Augustodunensis
1877 2890 1911 2954 iu
1933 2889 2015 2954 Bur-

357 2993 478 3077 gundie
512 2999 546 3058 et
574 2993 659 3057 inter
689 2994 875 3058 testimonia
908 2993 948 3059 de
979 2994 1161 3060 Pontificali
1194 2993 1393 3079 transalpina
1420 2999 1566 3081 tempore
1594 2994 1732 3079 primum
1759 2994 1866 3058 locum
1893 2998 2017 3076 tenere,

287 3096 289 3100 ’
358 3099 499 3182 origines
530 3096 734 3183 aliquatenus
766 3099 955 3164 coniunctae
987 3106 1060 3163 sunt
1097 3119 1168 3163 cum
1206 3097 1365 3174 Bedanis;
1402 3119 1477 3162 nam
1515 3099 1569 3184 qui
1605 3099 1726 3185 primus
1762 3119 1834 3162 eam
1871 3097 2018 3162 adhibuit

358 3207 470 3266 auctor
493 3201 716 3266 chronicorum
741 3223 768 3266 a.
788 3206 848 3266 741
874 3208 961 3267 totus
984 3203 1106 3289 pendet
1121 3224 1142 3267 a
1156 3201 1259 3268 Beda.
1296 3203 1496 3268 Felicionem
1520 3203 1686 3288 epitomen
1710 3209 1744 3266 et
1765 3204 1869 3289 ipsam
1893 3203 2016 3288 origine

358 3305 517 3370 Gallicam
546 3307 626 3371 item
656 3307 740 3370 infra
767 3307 940 3393 apparebit
961 3327 1026 3370 nou
1049 3307 1133 3371 sexti
1156 3307 1278 3372 saeculi
1302 3327 1384 3387 esse,
1408 3306 1467 3372 sed
1491 3307 1606 3372 octavi.
1648 3305 1823 3372 Gestorum
1846 3307 2017 3394 plenorum

359 3409 487 3474 codices
519 3411 642 3496 origine
667 3410 798 3494 Gallici,
831 3412 916 3476 inter
944 3432 1025 3497 quos
1054 3412 1197 3475 eminent
1218 3409 1416 3493 Fuldenses,
1446 3431 1642 3497 quamquam
1671 3411 1762 3474 multi
1792 3417 1881 3493 aunt,
1912 3410 2017 3474 nullus

357 3514 441 3578 iuter
465 3535 522 3579 eos
545 3515 705 3600 reperitur
728 3517 864 3602 scriptus
888 3521 964 3579 aute
988 3514 1139 3580 Carolum
1162 3536 1325 3601 maguum.
1351 3513 1500 3580 -Num
1523 3516 1555 3580 in
1579 3516 1650 3601 ipsa
1671 3514 1752 3578 urbe
1775 3514 1858 3580 liber
1880 3515 2018 3598 scriptus

358 3615 408 3698 sit,
432 3617 537 3682 minus
560 3625 684 3684 certum
708 3625 774 3694 est;
796 3639 872 3683 nam
895 3617 982 3705 quod
1004 3619 1106 3682 multa
1128 3625 1298 3684 narrantru
1321 3618 1362 3684 de
1378 3618 1486 3684 Roma
1507 3618 1587 3684 urbe
1612 3619 1745 3705 eiusque
1768 3619 1848 3684 locis
1869 3625 1902 3682 et
1925 3616 2015 3681 aedi·
2109 3621 2111 3627 '

357 3719 453 3803 liciis,
484 3741 527 3786 ex
557 3743 593 3787 re
625 3723 852 3810 explicandum
877 3728 941 3804 est,
969 3743 1035 3786 non
1066 3743 1109 3787 ex
1132 3725 1271 3789 auctoris
1294 3723 1467 3790 domicilio.
1511 3723 1698 3788 Fundorum
1722 3723 1859 3787 civitatis
1881 3724 2018 3809 scriptor

357 3823 408 3888 bis
439 3827 586 3890 meminit
621 3828 654 3890 in
683 3826 800 3892 Sotere
828 3847 860 3912 ρ.
893 3830 969 3908 16,1
1008 3832 1042 3890 et
1068 3827 1102 3891 in
1129 3825 1289 3893 Anterote
1324 3850 1355 3914 p.
1381 3831 1490 3910 26,10
1526 3827 1624 3892 modo
1657 3827 1821 3912 singulari.
1855 3863 1898 3872 -
1932 3825 2017 3890 (lon-

359 3927 554 3994 tinuatioues
585 3930 618 3994 in
644 3932 716 4016 ipsa
745 3929 825 3994 urbe
856 3929 1052 4016 conscriptas
1076 3950 1148 4006 esse
1171 3929 1246 3996 inde
1270 3931 1444 4017 colligitur,
1475 3930 1563 4019 quod
1589 3930 1680 4017 plura
1710 3931 1743 3993 in
1764 3930 1803 3994 iis
1835 3930 2018 3994 referuntur

359 4031 532 4119 desumpta
557 4053 599 4097 ex
622 4035 702 4098 actis
725 4033 876 4098 tabularii
897 4033 1049 4097 Vaticani
1071 4031 1118 4120 (p.
1131 4033 1258 4120 XXII).

462 4134 605 4201 'situlum
628 4137 735 4223 operis
759 4137 831 4202 libri
854 4136 1032 4201 secundum
1060 4138 1179 4202 classes
1210 4159 1284 4201 suas
1313 4139 1479 4202 enuntiant
1502 4138 1563 4219 sic,
1594 4137 1791 4202 collocantes
1820 4157 1894 4202 eum
1916 4136 2014 4202 ruodo

358 4245 434 4303 ante
459 4241 613 4326 epistulas
636 4239 860 4325 praefatorias,
883 4238 982 4305 modo
1004 4247 1079 4325 post
1102 4261 1168 4322 eas,
1191 4239 1289 4305 modo
1314 4241 1512 4326 geminatum
1534 4241 1606 4304 loco
1629 4245 1782 4326 utroque:

462 4342 551 4408 cll:
574 4343 776 4430 episcopale:
802 4343 848 4408 sic
869 4343 918 4408 A²
940 4349 1014 4408 aute
1035 4343 1207 4424 mutulam
1229 4343 1377 4408 A⁶A⁰A³
1400 4342 1492 4408 titulo
1515 4349 1632 4409 careat.

463 4446 499 4510 cl.
514 4446 559 4511 ΙΙ
578 4445 653 4511 libet
680 4448 791 4527 optimi
818 4448 934 4530 palpare
960 4447 1102 4513 03Β4Β1
1134 4447 1264 4512 tilulum
1292 4446 1417 4511 nullam
1445 4447 1575 4525 lrabeat·
1603 4446 1719 4530 reliqui
1745 4446 1887 4512 cultores
1916 4445 2017 4511 B²B³

566 4549 637 4632 (ubi
653 4551 748 4633 palor
770 4549 886 4616 titulus
908 4552 1014 4632 deficit
1028 4552 1155 4634 papiae
1177 4555 1252 4615 aute
1275 4549 1428 4632 epistulas
1448 4571 1552 4615 meua
1574 4550 1700 4635 relicta)
1722 4549 1772 4614 13⁵
1795 4551 1905 4634 (cuius
1920 4550 2015 4630 priu-

567 4654 686 4735 clplum
708 4654 904 4736 deperditum
926 4655 1029 4735 explet
1050 4655 1268 4740 apoqraplrum
1287 4655 1555 4738 Audomcrlcaae)
1578 4653 1627 4718 B⁰
1649 4637 1724 4738 (ubi
1741 4655 1824 4719 deest
1846 4675 1916 4719 cum
1934 4651 2016 4738 sollo

560 4760 668 4842 primo
696 4759 811 4824 titulus
825 4761 935 4842 prior)
957 4758 1049 4825 13⁷1)
1077 4759 1186 4825 titulos
1210 4760 1326 4825 labent
1353 4759 1441 4837 duos,
1470 4759 1605 4824 altam
1633 4764 1707 4823 orate
1735 4755 1904 4838 mutuus:
1934 4755 2017 4820 liber

566 4865 760 4951 episcopalis
784 4864 850 4950 (cp.
873 4886 931 4930 om.
949 4863 1013 4945 13⁷)
1042 4864 1075 4927 in
1098 4884 1161 4950 quo
1185 4865 1390 4927 continentur
1417 4869 1490 4927 acta
1519 4863 1689 4928 beatorum
1716 4861 1904 4948 pontificum
1926 4859 2016 4924 urbis
2080 4921 2082 4926 .

567 4967 711 5050 Romae,
733 4969 868 5033 alterum
891 4973 965 5032 cate
986 4969 1086 5031 ulca:
1108 4973 1203 5052 gesta
1225 4988 1322 5054 supra
1337 4967 1528 5052 scriptorum
1546 4969 1685 5053 (scriptis
1701 4965 1764 5050 13⁷)
1781 4963 1967 5051 pontificum
1976 4961 2015 5049 ²).

358 5192 456 5244 scilicet
481 5193 624 5246 umomaui
653 5201 679 5246 et
704 5195 836 5247 Heliodori
862 5194 896 5247 ad
922 5195 1112 5260 Hieronymum
1139 5193 1171 5244 de
1198 5194 1378 5261 martyrologio
1407 5195 1551 5247 Eusebiano
1579 5192 1701 5246 vertendo
1728 5198 1754 5242 at
1780 5191 1858 5242 huius
1884 5190 2015 5256 responsio

290 5281 292 5286 “
358 5279 513 5332 adsentiens.
548 5282 600 5333 Eas
625 5281 750 5348 epistulae
772 5281 901 5348 adlegatas
924 5282 976 5332 iam
999 5298 1015 5331 a
1038 5280 1189 5332 cassiodoro
1212 5276 1298 5345 (inscr.
1317 5281 1369 5330 div.
1388 5279 1437 5332 litt
1455 5297 1477 5332 c.
1490 5278 1535 5333 32:
1550 5280 1685 5346 passioneo
1702 5285 1847 5343 muumm
1866 5276 1938 5341 leqllc
1955 5289 2015 5326 ⁶0²1-

358 5371 463 5429 atanler,
481 5381 547 5431 quaa
564 5367 633 5418 inter
650 5367 707 5418 clia
724 5368 752 5418 lu
769 5368 880 5433 epistula
897 5367 980 5418 eoacti
997 5365 1152 5432 ffieronyua
1169 5365 1206 5416 aa
1222 5365 1396 5417 (llas-ommium
1413 5376 1439 5418 at
1456 5367 1628 5419 Heliodorum
1645 5362 1780 5428 reperias),
1798 5369 1893 5412 temere
1910 5359 2015 5414 omnino

358 5452 459 5504 ficticiis
476 5453 553 5505 hodia
571 5455 650 5522 vulgo
668 5455 858 5518 adnumeratas,
876 5455 1036 5507 Pontificalia
1052 5453 1113 5505 libri
1131 5454 1231 5505 auctori
1249 5461 1323 5504 notas
1340 5455 1421 5506 fuisse
1439 5456 1473 5506 ad
1492 5456 1570 5506 vitam
1588 5449 1733 5504 Marcellini
1751 5445 1788 5513 (p.
1801 5446 1846 5508 41)
1864 5445 1972 5500 ostendi.

465 5539 485 5602 ¹)
503 5539 616 5594 Nostrae
634 5542 702 5594 radia
720 5543 789 5608 quod
808 5541 925 5594 meminit
942 5544 998 5594 vita
1016 5541 1123 5592 Martini
1145 5542 1158 5590 I
1175 5555 1200 5605 p.
1216 5537 1273 5602 181,
1284 5551 1309 5590 ra
1327 5557 1379 5591 non
1397 5549 1467 5592 racto
1485 5542 1537 5592 huc
1554 5533 1678 5595 trebicum
1697 5535 1770 5585 locus
1787 5532 1856 5584 enim
1874 5530 2016 5595 descriptus

359 5635 442 5680 estex
457 5629 521 5680 actia
539 5631 642 5682 concilii
653 5631 784 5682 Laterani.
855 5628 878 5701 ξ)
895 5630 976 5681 Omisi
995 5645 1061 5696 quae
1081 5627 1250 5696 praemittunt
1261 5625 1365 5678 B¹B⁸D
1383 5629 1474 5694 priori:
1492 5628 1520 5678 ia
1537 5624 1640 5677 nomiae
1658 5618 1756 5672 almaini
1774 5617 1827 5682 (olei
1843 5624 1866 5667 et
1878 5613 2016 5666 calcatoria

358 5716 407 5767 ius.
421 5713 468 5780 B‘)
487 5716 570 5766 corbi
586 5717 641 5767 &aa
658 5717 746 5769 ebriati
761 5714 853 5782 incipit
869 5743 902 5752 -
919 5715 957 5765 Βτ
974 5715 1075 5780 ιἠσίρίις
1095 5713 1228 5781 posteriori
1246 5711 1414 5764 B¹·⁸······1›.·
1434 5714 1463 5764 ia
1481 5713 1523 5765 dci
1539 5710 1641 5763 noctuae
1658 5707 1792 5772 alapam.
