4544 6428
416 450 480 512 242

704 615 930 672 amaremus

416 722 499 787 VIII
535 721 579 790 ld.
610 722 695 808 Aug.
759 721 803 788 at
837 721 975 786 cessavit
1011 721 1217 807 episcopatus

415 825 485 891 diss
500 824 610 891 VIIII.

472 1016 594 1063 xxvuu.
622 997 739 1079 (iesvs,
784 998 915 1064 natione
957 997 1126 1078 Dalmata,
1174 1017 1216 1064 ex

414 1123 536 1188 genere
569 1103 755 1168 Dioclitiani
790 1102 1011 1189 imperatoris,
1046 1121 1089 1166 ex
1121 1107 1215 1188 patre

415 1205 513 1289 Gaio,
537 1205 622 1272 sedit
651 1227 724 1270 ann.
740 1204 791 1269 XI
823 1227 924 1271 mens.
940 1204 1011 1269 IIII
1045 1204 1115 1270 dies
1137 1205 1213 1274 XII.

414 1310 491 1376 Fuit
513 1309 713 1397 temporibus
730 1308 807 1374 Oari
822 1315 856 1374 et
872 1309 990 1391 Darini,
1004 1329 1047 1374 ex
1064 1309 1116 1376 die
1132 1309 1216 1376 XVI

414 1411 460 1479 kl.
481 1413 551 1480 Ian.
575 1435 595 1478 a
618 1413 786 1480 consolatu
808 1411 892 1478 Caro
916 1412 960 1478 II.

414 2171 478 2236 Hic
516 2171 644 2258 fugiens
684 2171 910 2258 persecutione
948 2169 1142 2236 Diocletiani
1184 2169 1216 2234 in

414 2273 523 2360 criptis
537 2275 688 2340 habitans
705 2275 870 2340 confessor
884 2275 1016 2362 quierit.
1054 2273 1118 2340 Hic
1141 2273 1218 2339 lecit

414 2376 632 2445 ordinationes
653 2377 725 2444 IIII

413 2519 473 2585 per
494 2520 596 2564 mens.
618 2498 788 2580 Decemb,

413 2619 521 2706 presb.
533 2619 625 2704 XVI,
641 2618 823 2700 diachll,
843 2619 1013 2705 episcopos
1024 2639 1085 2705 per
1097 2618 1216 2685 looaV.

413 2722 566 2811 Sepultus
589 2731 639 2790 est
661 2725 695 2789 in
717 2723 875 2811 cymitirio
899 2723 1032 2804 Calesti,

411 2844 466 2908 uie
488 2843 606 2932 Appia,

412 2963 444 3028 X
467 2963 511 3030 kl.
534 2964 610 3030 Mai.
655 2964 805 3032 Oessavit
831 2963 1037 3052 episcopatus
1059 2963 1132 3030 dies
1156 2963 1216 3030 XI.

456 3175 531 3222 xxx.
552 3153 787 3236 MaacauuravS,
815 3153 945 3218 natione
973 3153 1149 3236 Romanus,
1174 3177 1215 3220 ex

413 3263 505 3345 patre
529 3258 691 3340 Proiecto,
714 3257 799 3323 sedit
820 3278 892 3322 ann.
905 3254 1006 3320 VIIII
1029 3279 1131 3325 mens.
1148 3257 1216 3323 Illl

413 3361 483 3427 dies
519 3362 612 3430 XVI.
678 3361 755 3426 Fuit
791 3361 992 3446 temporibus
1028 3361 1214 3428 Dioclitiani

360 3460 364 3470 “
414 3471 447 3530 et
469 3465 672 3548 Maximiani,
702 3487 745 3530 ex
768 3463 820 3528 die
849 3464 892 3528 kl.
923 3463 982 3530 Iul.
1005 3487 1026 3528 a
1048 3467 1215 3532 consolatu

413 3569 608 3635 Diocletiani
624 3569 674 3633 VI
697 3574 731 3633 et
754 3566 942 3632 Constantio
958 3568 992 3631 Il
1015 3589 1117 3656 usque
1134 3569 1212 3635 Dio-

413 3675 551 3739 cletiano
564 3672 667 3737 VIIII
684 3677 718 3736 et
733 3671 931 3736 Maximiano
941 3670 1035 3754 VIII,
1052 3693 1115 3759 quo
1130 3680 1212 3739 tem-

413 3798 492 3864 pore
525 3777 586 3841 fuit
617 3776 802 3863 persecutio
837 3795 970 3859 magna,
1010 3777 1093 3842 inira
1114 3777 1213 3842 XXX

414 3879 528 3945 diebus
550 3879 633 3945 XVI
656 3879 745 3943 milia
767 3879 933 3944 hominum

412 4001 584 4087 promiscui
607 4020 705 4065 sexsus
728 4020 789 4086 per
812 3999 956 4066 diversas
979 4001 1156 4088 provintias

413 4121 565 4206 martyrio
600 4127 839 4186 coronarentur.
895 4122 947 4187 De
983 4143 1047 4210 qua
1074 4144 1109 4188 rs
1143 4123 1214 4210 ipse

412 4225 618 4290 Marcellinus
646 4225 688 4291 ad
723 4226 912 4292 sacrificium
948 4226 1063 4292 ductus
1092 4233 1157 4307 est,
1179 4232 1216 4291 ut

413 4328 593 4410 brrifiearit,
622 4329 709 4416 quod
737 4336 771 4396 et
799 4331 885 4396 lecit.
932 4329 976 4394 Et
998 4336 1071 4416 post
1093 4351 1215 4416 paucos

412 4430 482 4495 dies
515 4433 726 4518 penitentiam
756 4433 884 4515 ductus,
915 4433 958 4497 ab
985 4431 1103 4498 codem
1131 4434 1213 4499 Dio·

413 4535 541 4600 ebbena

412 4676 470 4742 pro
493 4655 557 4721 fide
581 4656 701 4722 Christi
724 4677 797 4722 cum
813 4656 948 4723 Claudio
972 4663 1006 4724 et
1022 4659 1155 4734 Quirino
1182 4666 1216 4726 at

411 4757 555 4824 Antonio

412 4882 519 4968 capite
543 4887 617 4946 aunt
638 4880 776 4946 trrmcati

413 5008 446 5068 et
467 5003 620 5089 martyrio
644 5006 846 5068 coronantur.

411 5122 585 5188 Iacuerunt
606 5145 742 5211 corpora
764 5128 876 5188 sancta
897 5123 930 5187 in
953 5125 1062 5209 platea

411 5466 481 5532 dies
503 5467 618 5533 XXVI

411 5609 455 5652 ex
476 5588 564 5653 iussa
585 5586 791 5654 Diocletiani.

411 5707 476 5772 Ubi
491 5707 663 5773 Marcellus
682 5710 845 5796 presbiter
867 5715 964 5774 noctu
987 5709 1120 5794 collegit
1143 5729 1212 5774 cor-

1142 441 1357 498 EPITOMAE

1555 610 1788 668 OONONIANA

1269 719 1352 786 VIII
1369 719 1400 784 lr.
1414 719 1499 804 Aug.
1523 717 1671 784 Oesmdt
1682 717 1888 804 episcopatus
1900 716 2095 782 diesVIIL

1312 1015 1433 1062 xxviia.
1458 993 1574 1077 Gerus,
1614 993 1745 1058 natione
1772 991 2000 1077 Dalmatinus,
2043 1015 2094 1060 ex

1269 1121 1392 1188 genere
1424 1097 1611 1164 Dioclitiani
1644 1098 1865 1183 imperatoris,
1901 1118 1947 1164 ex
1985 1103 2093 1184 patre

1269 1201 1362 1286 Gaio,
1373 1201 1458 1268 sedit
1469 1223 1519 1268 an.
1529 1202 1579 1267 XI
1591 1221 1694 1268 mens.
1707 1201 1778 1266 IIII
1790 1199 1977 1266 diesVIIII.
2004 1201 2093 1266 Fuit

1268 1313 1378 1372 autem
1401 1306 1602 1393 temporibus
1625 1303 1713 1370 Glari
1743 1310 1778 1371 et
1805 1305 1927 1386 Carini,
1954 1325 2002 1370 ex
2026 1304 2091 1370 die

1268 1409 1350 1476 XVI
1373 1409 1406 1478 lr.
1428 1409 1496 1475 lan.
1519 1429 1540 1473 a
1562 1410 1730 1474 consolatu
1752 1407 1837 1474 Caro
1860 1407 1895 1474 ΙΙ

1269 1537 1302 1596 et
1333 1529 1451 1596 Carino
1483 1551 1586 1617 usque
1620 1529 1653 1594 in
1687 1527 1739 1596 die
1766 1530 1800 1595 X
1821 1529 1853 1594 k.
1876 1528 1955 1596 Mai.
1995 1529 2089 1594 Dio-

1268 1635 1402 1700 cliciauo
1414 1633 1462 1700 VI
1478 1641 1512 1700 et
1528 1633 1716 1700 Constantio
1733 1631 1777 1700 ll.
1814 1630 1878 1698 Hic
1893 1633 2087 1716 constituit,

1268 1743 1313 1818 ut,
1336 1737 1363 1802 si
1386 1737 1457 1824 quis
1478 1738 1648 1825 episcopus
1664 1757 1736 1802 esse
1752 1741 1904 1820 meretum,
1927 1737 1973 1802 ab
1999 1737 2089 1802 hos-

1268 1841 1361 1906 tiario
1383 1861 1443 1929 per
1457 1839 1708 1928 unumquodque
1728 1839 1829 1926 grado
1853 1841 2019 1926 paulatim
2038 1840 2091 1907 ad

1268 1944 1391 2010 maiora
1413 1943 1654 2011 conscenderet.
1699 1943 1763 2010 Hic
1782 1943 1897 2010 dividit
1918 1945 2091 2030 regiones

1269 2049 1467 2115 diaconibus.

1268 2169 1332 2236 Hic
1368 2169 1495 2256 lugiens
1537 2167 1763 2256 persecutione
1801 2167 2004 2233 Diocletiani
2046 2169 2088 2234 in

1269 2273 1378 2361 criptis
1392 2273 1543 2340 babitans
1559 2271 1725 2338 confessor
1740 2271 1870 2359 quieuit.
1908 2270 1976 2336 Hic
2001 2271 2093 2338 feeit

1269 2377 1487 2444 ordinationes
1508 2376 1589 2458 IIII,

1268 2619 1376 2706 presb.
1391 2617 1483 2700 XVI,
1507 2617 1589 2684 diac.
1604 2617 1718 2702 VIIII,
1744 2619 1915 2706 episcopos
1930 2616 1973 2681 V.
2015 2617 2088 2694 Qui

1270 2723 1368 2788 etiam
1391 2724 1536 2810 sepultus
1558 2727 1609 2789 est
1631 2723 1664 2788 iu
1686 2722 1843 2788 cimiterio
1866 2719 1982 2786 Calisti

1270 2965 1300 3030 X
1316 2965 1348 3032 k.
1365 2965 1441 3030 Mai.
1485 2965 1529 3030 Et
1544 2965 1683 3032 cessarit
1702 2963 1908 3050 episcopatus
1923 2960 1997 3028 dies
2016 2963 2083 3030 XI.

1311 3176 1384 3224 xxx.
1407 3155 1644 3237 Maronianus,
1674 3155 1804 3221 nodone
1828 3153 2008 3235 Romanus,
2034 3176 2083 3220 ex

1269 3265 1360 3345 patre
1394 3259 1563 3342 Proiecto,
1597 3259 1682 3324 sedit
1714 3281 1765 3324 an.
1783 3256 1870 3323 VIII
1909 3277 2015 3322 mens.
2040 3257 2081 3323 II

1268 3363 1337 3428 diss
1360 3363 1450 3428 XVI.
1495 3363 1571 3428 Fuit
1591 3369 1701 3428 autem
1725 3361 1925 3450 temporibus
1947 3359 2079 3426 Diocli-

1268 3467 1352 3531 ciani
1369 3473 1402 3532 ot
1418 3466 1621 3550 Maximiani,
1639 3487 1681 3531 ex
1699 3464 1751 3531 die
1767 3466 1800 3530 X
1823 3466 1855 3533 k.
1872 3465 1931 3530 Iul.
1947 3486 1976 3528 a.
1994 3485 2079 3530 con-

1267 3571 1372 3635 solatu
1384 3569 1570 3636 Diocliciani
1583 3577 1617 3637 et
1625 3570 1813 3635 Constantio
1825 3569 1859 3634 II
1869 3589 1972 3654 usque
1984 3567 2077 3632 Dio-

1267 3673 1400 3738 cliciano
1416 3672 1519 3738 VIIII
1535 3679 1568 3739 et
1583 3673 1782 3738 Maximiano
1792 3672 1889 3753 VIII,
1906 3691 1968 3758 quo
1986 3677 2077 3736 tem-

1266 3797 1345 3864 pore
1367 3776 1428 3841 fuit
1449 3779 1632 3863 persecutio
1655 3797 1783 3862 magns,
1808 3783 1844 3842 ut
1865 3777 1948 3842 intra
1971 3775 2077 3842 XXX

1266 3880 1381 3947 diebm
1404 3879 1503 3946 XVII
1526 3880 1615 3946 milia
1636 3881 1802 3946 bominum

1270 4123 1423 4209 martyrio
1440 4127 1681 4188 coronarentur.
1725 4121 1777 4187 De
1802 4142 1866 4209 qua
1887 4143 1923 4186 re
1947 4123 2075 4208 etipse

1269 4227 1475 4291 Marcellinus
1508 4225 1551 4292 ad
1585 4226 1775 4292 sacrificium
1799 4224 1912 4304 ductus
1940 4231 2008 4305 cst,
2039 4234 2078 4292 ut

1269 4331 1462 4413 turificaret,
1487 4329 1573 4416 quod
1597 4331 1738 4398 etfacit.
1789 4329 1832 4394 Et
1853 4335 1929 4417 post
1950 4351 2077 4416 paucos

1269 4432 1338 4498 dios
1376 4434 1556 4520 penitentia
1595 4433 1726 4516 ductus,
1763 4435 1805 4501 ab
1839 4433 1957 4500 eodem
1991 4432 2076 4499 Dio·

1268 4537 1402 4603 aliciano

1268 4884 1374 4970 capite
1399 4887 1575 4948 truncatur.

1267 5123 1311 5188 Et
1334 5123 1434 5187 iacuit
1457 5143 1575 5208 corpus
1598 5123 1666 5186 eius
1687 5123 1721 5188 in
1742 5121 1853 5210 platea

1266 5265 1331 5310 una
1343 5265 1415 5309 oum
1427 5243 1508 5308 alios
1520 5249 1678 5330 martyres
1691 5243 1734 5308 ad
1745 5245 1932 5332 exemplum
1946 5246 2076 5312 christi·

1267 5367 1402 5412 snorum

1267 5466 1337 5532 dies
1360 5465 1486 5534 XXVI.

1271 5709 1367 5774 Tunc
1383 5709 1555 5774 Marcellus
1571 5709 1731 5796 presbiter
1746 5713 1878 5800 collegit
1891 5719 1988 5777 noctu
2003 5735 2076 5784 cor-
