4612 6436
928 425 1212 485 Paouuaorfflul.
1837 429 1900 488 cxl

1097 601 1221 668 Anotor
1254 604 1355 686 ipitnr
1387 603 1424 668 in
1447 604 1559 685 priore
1590 603 1759 670 romnlatn
1785 626 1816 669 a.
1837 608 1901 668 311

1156 727 1220 788 pro
1250 707 1459 774 Maximiano
1480 707 1573 774 VIII
1599 707 1764 773 ndstitnit
1790 707 1902 772 Mani·

1164 811 1287 876 minam
1310 810 1431 890 VIIII,
1460 811 1498 875 in
1512 811 1689 893 posteriore
1711 833 1741 876 a.
1757 815 1821 875 314
1839 832 1902 892 pro

1167 913 1341 980 Votnsiano
1362 920 1392 980 at
1406 915 1560 980 Anniano
1582 935 1642 981 cos.
1660 915 1747 980 dedit
1762 914 1901 980 Manen-

1165 1019 1247 1084 tinm
1274 1020 1326 1098 II,
1353 1019 1411 1101 qni
1441 1017 1626 1084 consulatus
1652 1039 1717 1084 non
1745 1017 1902 1100 bpitimns

1165 1123 1253 1186 cadit
1284 1123 1321 1188 in
1350 1143 1381 1187 a.
1402 1125 1484 1202 309,-
1518 1122 1721 1188 dnasoeaaata
1750 1128 1902 1202 corrupta

1164 1225 1241 1290 baec
1280 1226 1433 1308 quomodo
1469 1227 1576 1292 denua
1612 1226 1805 1307 inruperit,
1843 1246 1901 1308 ap·

1158 1335 1265 1411 parat.

349 1446 434 1512 Item
459 1466 542 1533 quae
570 1467 609 1511 ex
633 1448 713 1512 actis
736 1447 861 1512 oonoilii
882 1447 1036 1513 Laterani
1059 1448 1239 1538 adsumpsit
1263 1456 1385 1535 auotor,
1410 1451 1536 1518 duobus
1557 1451 1651 1515 loeis:

407 1555 476 1632 179,
492 1575 517 1615 n
539 1549 643 1638 iuxta]
666 1552 784 1616 iustam
806 1556 880 1616 aata

405 1657 474 1734 181,
492 1681 504 1720 s
525 1655 573 1740 ut]
596 1655 642 1719 uti
664 1659 739 1719 acta

207 1795 208 1798 π
248 1758 383 1824 mendas
406 1758 528 1824 habent
550 1759 591 1824 ab
615 1763 747 1824 auotore
770 1760 843 1824 libri
865 1761 1057 1847 pontificalis
1080 1763 1278 1826 commissas.
1325 1761 1434 1827 Etiam
1459 1782 1586 1827 errores
1609 1763 1704 1842 tales,
1728 1762 1831 1848 qualis
1854 1768 1904 1827 est

248 1867 327 1944 22‚s
350 1862 435 1928 alara
456 1884 515 1950 pro
539 1863 635 1928 emer
657 1865 710 1930 vel
732 1862 859 1944 alamit,
883 1866 1057 1932 verisimile
1080 1873 1131 1932 est
1153 1866 1295 1932 adfuisse
1317 1868 1351 1931 in
1373 1868 1444 1954 ipso
1470 1868 1610 1932 auctoris
1635 1865 1822 1953 arahetypo.

350 1966 616 2033 Perturbationes
639 1989 767 2054 quoque
792 1970 974 2056 complures
997 1970 1199 2036 adscendunt
1222 1971 1264 2036 ad
1286 1971 1360 2036 libri
1382 1977 1562 2036 auctorem:

445 2075 475 2153 4,
492 2096 505 2136 s
527 2071 672 2159 sepultus
695 2078 746 2137 ast
766 2073 820 2137 via
841 2072 976 2139 Aurelia
1000 2123 1109 2140 .....
1133 2076 1225 2140 iuxta
1241 2075 1438 2140 territorium
1456 2074 1686 2161 triumphalem
1702 2074 1754 2139 via
1770 2073 1904 2138 Aurelia

503 2175 564 2255 (sio
585 2195 645 2239 roo.
662 2175 765 2256 prior,
787 2175 824 2240 in
839 2177 1013 2258 posteriore
1034 2177 1089 2242 uia
1110 2177 1233 2242 aurelia
1254 2176 1353 2242 altero
1379 2175 1443 2243 toro
1464 2177 1627 2242 subtatum
1648 2180 1720 2260 ast).

402 2277 638 2359 Ordinationes,
664 2283 703 2343 nt
729 2301 830 2361 snpra
850 2289 894 2364 (p.
910 2279 1025 2361 XXV)
1047 2282 1172 2360 morani,
1198 2282 1324 2362 passim
1346 2282 1485 2346 maainte
1507 2282 1543 2346 in
1565 2280 1655 2346 tam
1685 2281 1812 2363 optimis
1832 2283 1903 2363 qni·

505 2381 623 2464 busque
644 2383 853 2448 inveniamur
874 2404 940 2450 non
961 2404 995 2449 eo
1018 2383 1096 2462 boo,
1118 2405 1180 2467 qno
1209 2390 1369 2450 auctorem
1395 2389 1487 2464 patet
1514 2405 1569 2450 eas
1590 2384 1740 2450 collocare
1761 2383 1904 2464 voluisse,

504 2485 623 2550 seilicet
644 2488 791 2568 proaime
819 2493 893 2553 anta
915 2487 997 2553 diam
1019 2490 1147 2567 nortia·
1173 2489 1268 2554 immo
1296 2489 1333 2554 in
1363 2489 1555 2570 quibasdam
1576 2491 1651 2555 ritis
1672 2488 1730 2571 (V.
1753 2490 1813 2554 IX
1833 2491 1904 2574 oet.)

504 2590 702 2672 sepnltmam
723 2597 901 2673 aequantur
922 2593 959 2657 in
980 2593 1116 2658 editione
1136 2598 1283 2676 atraque,
1306 2593 1343 2657 in
1364 2592 1442 2658 aliis
1466 2594 1510 2676 (I.
1532 2592 1608 2658 XV.
1634 2590 1744 2659 XVII
1761 2596 1832 2675 aot.)
1855 2594 1904 2658 di·

505 2695 604 2759 versis
636 2695 713 2762 loeis
745 2695 912 2762 collocatae
944 2698 1153 2762 inveniantur
1189 2697 1227 2762 in
1263 2698 1496 2763 reeensiombns
1528 2697 1670 2776 ditatum
1702 2697 1836 2779 damiane
1869 2698 1906 2764 in

320 2884 323 2891 Ι
506 2797 656 2866 Silvano
681 2800 729 2866 bia
750 2799 898 2884 baana
920 2801 1048 2866 totidem
1068 2801 1170 2867 verbis
1192 2805 1271 2881 aar
1295 2833 1335 2856 =
1360 2804 1439 2882 72‚1
1467 2802 1504 2866 in
1530 2801 1665 2866 editione
1692 2805 1839 2883 atraque.
2014 2869 2015 2874 ,

408 2903 654 2970 Ordimtionnm
675 2925 823 2970 nummos
845 2906 1080 2988 rastrinpendoa
1106 2926 1172 2971 osae
1204 2905 1249 2970 ad
1270 2905 1469 2988 presbyteros
1490 2909 1521 2970 at
1542 2904 1692 2970 diacoma
1713 2925 1812 2985 nepae
1830 2925 1903 2985 per·

506 3008 613 3073 venire
634 3009 679 3072 ad
700 3008 859 3092 episcopos
881 3008 1046 3075 declarant
1066 3010 1149 3075 uitae
1171 3008 1315 3075 silvestri
1330 3030 1367 3090 p.
1383 3007 1462 3088 52‚a
1480 3009 1536 3092 (ot.
1547 3030 1583 3089 p.
1601 3009 1652 3087 72,
1668 3012 1710 3093 1).·
1743 3009 1795 3073 hio
1819 3008 1905 3073 ordi-

507 3112 657 3178 nationes
688 3112 954 3200 presbyterorum
984 3119 1018 3179 st
1046 3113 1254 3179 diaconorum
1282 3114 1360 3179 feeit
1381 3112 1431 3178 VI
1534 3114 1568 3178 in
1590 3113 1670 3178 urbe
1694 3111 1811 3194 Roma,
1835 3115 1904 3199 epi-

509 3237 625 3303 aoopos
647 3237 708 3304 per
730 3217 858 3284 diversa
879 3218 952 3284 looa
967 3217 1072 3294 LXV;
1095 3217 1198 3300 Serpit
1212 3218 1237 3283 I
1248 3239 1286 3299 p.
1300 3220 1375 3297 216,
1389 3235 1418 3282 2:
1438 3217 1493 3283 hio
1512 3217 1672 3283 ordinavit
1686 3237 1747 3303 per
1762 3215 1906 3280 diversas

507 3321 689 3405 provincias
705 3323 874 3408 episcopos
888 3321 1032 3396 XOVH3
1056 3323 1133 3387 leoit
1148 3327 1258 3387 autem
1275 3326 1309 3388 et
1328 3320 1547 3386 ordinationes
1562 3320 1597 3386 ΙΙ
1612 3342 1673 3408 per
1691 3342 1793 3386 mens.
1809 3319 1904 3385 Mart.

506 3425 704 3511 presbiteros
724 3425 855 3509 XVIII,
883 3425 1036 3492 diacones
1057 3425 1125 3503 ΠΙ;
1156 3426 1316 3491 lobannis
1340 3424 1389 3492 VI
1404 3429 1571 3508 p.218,1:
1599 3425 1652 3489 hio
1675 3425 1752 3490 feoit
1776 3423 1905 3489 ordina-

508 3529 628 3593 tionem
662 3529 916 3616 presbiterorum
948 3550 1007 3595 seu
1035 3529 1244 3596 diaoouomm
1265 3529 1299 3610 Ι,
1333 3527 1369 3594 id
1396 3535 1448 3595 est
1469 3528 1668 3617 presbiteros
1687 3527 1798 3610 VIIII,
1835 3526 1905 3592 dia·

509 3651 606 3698 oones
627 3632 662 3698 11
669 3655 677 3709 ;
701 3633 778 3698 lecit
800 3638 910 3698 autem
934 3639 968 3698 et
988 3653 1049 3720 per
1071 3633 1200 3699 divorsa
1221 3635 1295 3699 looa
1311 3634 1484 3720 episcopos
1506 3652 1641 3699 numero
1658 3631 1732 3714 XV,
1755 3637 1785 3696 et
1807 3631 1907 3696 tatius

507 3736 544 3801 id
564 3737 734 3818 explicavit
756 3737 966 3802 Harnaobins
987 3739 1025 3803 in
1038 3738 1261 3804 commentario
1274 3758 1375 3818 snpra
1383 3758 1421 3819 p.
1437 3737 1563 3803 XXVI
1581 3737 1686 3802 citato.
1736 3735 1907 3802 Observant

508 3861 578 3906 eam
606 3839 700 3923 tapam
726 3841 918 3906 reomaoionis
932 3840 1057 3922 priom'a
1077 3840 1251 3923 ratiqnino;
1281 3861 1357 3906 nam
1378 3861 1574 3923 qaansqnam
1597 3840 1819 3906 ordinationes
1841 3846 1907 3905 tres

510 3944 605 4010 Petro
627 3945 809 4026 adscriptae
824 3945 988 4026 pertinent
1008 3945 1078 4010 sine
1099 3945 1194 4010 dnbio
1222 3945 1267 4010 ad
1287 3945 1446 4026 episcopos
1473 3944 1614 4009 sarbanoa
1638 3943 1759 4009 Irinnm
1785 3943 1908 4010 Cletnm

513 4047 699 4114 mammon
721 4054 750 4114 et
772 4049 898 4115 omnino
913 4069 952 4114 aa
966 4047 1209 4133 interpolatione
1223 4049 1355 4114 veniunt
1368 4047 1512 4130 epitomis
1520 4049 1659 4129 proprio
1676 4047 1806 4129 (obeant
1826 4054 1908 4114 reete

508 4173 530 4218 a
551 4157 640 4218 tanta
655 4153 776 4238 pleno),
791 4159 961 4235 pannea
982 4157 1012 4219 et
1032 4155 1070 4219 in
1084 4151 1179 4218 Petro
1202 4157 1233 4218 et
1249 4157 1361 4234 postea
1376 4152 1513 4233 miscam
1535 4151 1581 4215 ibi
1606 4150 1801 4217 collocantur
1816 4154 1908 4218 tertio

512 4256 577 4323 loco
594 4263 671 4338 post
683 4257 877 4342 presbyteros
891 4262 921 4324 et
935 4258 1084 4324 diaconos
1105 4258 1162 4335 ita,
1185 4261 1223 4322 nt
1245 4256 1484 4321 ordinationum
1497 4254 1684 4322 vocabulum
1698 4257 1743 4320 ad
1756 4255 1837 4323 solos
1852 4257 1908 4322 boa

511 4361 626 4442 referri
642 4363 753 4443 possit.
803 4360 923 4428 Oontra
942 4362 1135 4428 recassaionia
1155 4361 1313 4428 sanandae
1334 4365 1496 4425 anotorem
1518 4359 1601 4424 bano
1632 4358 1726 4442 dapem
1747 4360 1908 4442 ipnorasse
1984 4421 1986 4426 .

510 4465 679 4530 ostendant
701 4465 838 4548 episcopi
858 4468 967 4549 primo
990 4466 1053 4533 toro
1068 4467 1171 4548 positi
1192 4471 1267 4530 ante
1282 4465 1481 4548 presbyteros
1503 4469 1532 4529 et
1547 4463 1697 4528 diacoma
1718 4465 1799 4528 etin
1813 4463 1908 4530 Petro

510 4569 561 4654 (I)
583 4574 613 4634 at
635 4570 672 4635 in
689 4569 773 4636 lano
788 4571 870 4654 (II).
914 4572 958 4638 In
979 4570 1131 4637 Anterote
1152 4569 1250 4654 (XX)
1272 4569 1366 4635 verba
1384 4568 1578 4640 ,recensionis
1594 4568 1736 4649 prioris:
1756 4568 1809 4634 hio
1831 4569 1908 4634 lacit

510 4693 609 4740 unum
640 4675 828 4761 episcopum
850 4682 932 4742 reate
960 4680 1085 4741 senata
1114 4695 1136 4742 a
1161 4673 1199 4740 ot.
1221 4674 1246 4739 I
1270 4672 1388 4755 reliqni
1413 4672 1488 4738 libri
1515 4672 1706 4737 recensionis
1722 4672 1909 4753 posterioris

513 4783 623 4844 eontra
645 4777 739 4861 tapam
759 4777 850 4844 illam
875 4780 925 4846 ita
945 4783 1131 4846 mmmmm:
1154 4778 1207 4844 hio
1229 4777 1308 4844 feeit
1330 4776 1567 4843 ordinationem
1587 4796 1696 4859 unam,
1720 4775 1908 4861 episcopum

510 4903 620 4949 unum.

412 4986 569 5055 Clausala
596 4987 630 5051 in
651 4987 732 5052 urbe
754 4985 877 5072 Roma,
906 5008 1004 5071 qnam
1025 4993 1160 5074 apparet
1181 4987 1344 5069 pertinere
1370 4986 1415 5050 ad
1433 4984 1632 5068 presbyteros
1658 4989 1688 5049 et
1709 4984 1858 5049 diaconos
1879 4988 1909 5046 et

511 5091 627 5172 opponi
648 5089 743 5155 alteri
763 5091 860 5174 (qnae
881 5092 996 5172 inrepit
1017 5113 1039 5156 a
1064 5091 1219 5158 Obanente
1243 5096 1273 5170 7,
1291 5092 1329 5174 u)
1351 5110 1412 5176 per
1440 5087 1569 5154 diversa
1594 5089 1668 5154 looa
1689 5088 1844 5170 spectanti
1865 5087 1910 5151 ad

513 5196 680 5276 episcopos,
696 5193 829 5278 lapidimo
850 5195 1067 5260 introducitur
1088 5195 1134 5260 sbi
1155 5195 1212 5261 nbi
1232 5197 1377 5277 primam
1398 5194 1607 5258 nominantur
1625 5191 1799 5276 presbyteri
1820 5191 1910 5256 arms

513 5299 634 5364 Romae
656 5299 692 5364 in
717 5297 803 5364 Otato
818 5318 855 5379 p.
873 5301 903 5377 6,
918 5318 951 5361 s:
983 5300 1036 5365 hio
1070 5320 1113 5364 ex
1140 5304 1318 5387 praecepto
1346 5298 1437 5364 beati
1467 5297 1559 5362 Petri
1581 5295 1679 5360 XXV
1711 5295 1908 5382 presbiteros

512 5403 670 5469 ordinavit
700 5404 733 5468 in
760 5403 841 5468 urbe
863 5402 969 5467 Roma
996 5409 1025 5468 et
1046 5403 1084 5468 in
1104 5403 1260 5470 Eaarmto
1276 5425 1312 5484 p.
1330 5405 1359 5482 9,
1373 5422 1401 5468 s:
1431 5402 1484 5468 hio
1507 5401 1617 5466 titulos
1639 5401 1672 5465 iu
1696 5401 1777 5464 urbe
1800 5399 1907 5464 Roma

515 5505 629 5572 dividit
650 5507 848 5594 presbyteris
878 5511 912 5571 st
933 5504 1000 5570 VII
1030 5506 1183 5573 diaoonos
1212 5507 1381 5572 ordinavit.
1426 5505 1505 5586 Ipsa
1526 5505 1562 5569 in
1582 5504 1771 5569 recensionis
1791 5502 1910 5584 priom's

377 5673 381 5680 .
514 5611 660 5693 reliqniis
680 5609 773 5676 mmai
801 5615 927 5676 tantam
956 5610 1118 5675 invertitur
1138 5613 1173 5675 in
1199 5611 1383 5694 manacta
1405 5609 1527 5694 (LIII)
1544 5630 1579 5693 p.
1597 5607 1726 5687 125,11;
1749 5605 1910 5692 plerisque

514 5715 605 5800 locis,
642 5715 698 5781 abi
729 5714 898 5784 Fatimana
931 5713 1062 5800 epitome
1090 5721 1259 5799 praeterea
1295 5715 1339 5780 ad
1374 5715 1501 5779 vmbnm
1537 5713 1678 5780 convenit
1713 5733 1786 5778 anm
1822 5715 1910 5777 tanta
