4544 6428
948 394 1162 450 EPITOMAE
1818 402 1880 464 243

515 567 746 624 FELIGIANA
1367 566 1446 622 0οΝ
1448 567 1603 623 ONIANA

228 699 310 764 pora
331 683 515 742 sanctorum
538 681 572 740 st
594 676 743 762 sepelivit
764 667 797 740 in
819 675 872 740 via
893 674 1029 756 Salaria,
1082 695 1164 762 pora
1190 679 1225 738 et
1251 674 1402 760 sepelivit
1429 675 1460 739 in
1488 676 1540 740 via
1567 673 1708 758 Salaria,
1738 675 1770 738 in
1793 676 1883 740 cimi-

227 781 261 846 in
283 780 430 846 cimitirio
453 780 608 862 Priscilla,
1082 779 1164 843 terio
1186 778 1365 858 Priscillae,

227 903 261 968 in
277 903 468 984 cubiculum,
492 901 547 988 qui
563 906 656 986 patet
677 921 779 988 usque
801 901 835 966 in
858 901 1027 966 odiernum

228 1005 325 1090 diem,
352 1005 438 1093 quod
459 1005 530 1092 ipse
553 1012 748 1092 preceperat
768 1005 928 1091 penitens,
952 1003 1028 1069 dum

228 1111 410 1176 traheretm
439 1109 482 1174 ad
510 1109 719 1192 occisionem,
745 1109 779 1174 in
807 1110 909 1196 cripta
938 1110 1029 1174 iuxta

229 1237 345 1302 corpus
366 1215 468 1280 sancti
491 1212 729 1296 Criscentionis,

227 1337 294 1402 VII
315 1336 361 1402 kl.
384 1336 459 1401 Mai.
504 1335 569 1401 Hic
591 1335 668 1400 iecit
690 1332 909 1400 ordinationes
930 1332 965 1397 Π
1082 1331 1148 1396 VII
1170 1331 1204 1398 lr.
1227 1330 1304 1397 Mai.
1348 1331 1412 1398 Hic
1435 1331 1513 1398 iecit
1535 1332 1754 1399 ordinationes
1777 1333 1822 1416 II,
1856 1323 1862 1335 ’

227 1478 288 1546 per
308 1477 409 1522 mens.
431 1456 601 1540 Decemb,

227 1578 334 1667 presb.
350 1576 429 1661 ΠΠ,
453 1575 536 1642 diac.
551 1575 602 1660 11,
626 1577 796 1663 episcopos
818 1595 878 1661 per
899 1574 972 1639 loca
986 1574 1027 1640 V.
1080 1574 1189 1659 presb.
1205 1573 1286 1656 1111,
1302 1574 1384 1642 diae.
1399 1575 1445 1657 Il,
1469 1575 1640 1662 episcopos
1654 1576 1696 1641 V.
1737 1574 1884 1641 Oessavit

226 1681 270 1748 at
292 1683 430 1748 cessavit
446 1683 652 1768 episcopatus
671 1702 744 1747 ann.
756 1679 823 1746 VII
847 1699 948 1744 mens.
961 1679 1028 1743 VII
1081 1676 1287 1763 episcopatus
1313 1700 1364 1744 an.
1388 1677 1455 1742 VII
1487 1700 1588 1744 mens.
1611 1677 1660 1743 VI
1694 1679 1763 1744 dies
1786 1679 1883 1744 XXV

228 1785 297 1851 dies
310 1785 409 1851 XXV
423 1791 640 1872 persequente
663 1784 858 1849 Dioelitiano
882 1782 1027 1848 christia·
1081 1789 1299 1868 persequente
1314 1782 1515 1848 Dioclioiano
1533 1782 1730 1849 christianos.

225 1911 293 1954 nos.

268 2082 354 2126 xxxi.
382 2061 584 2145 massanus,
618 2063 748 2128 natione
782 2061 962 2140 Romanus,
985 2081 1028 2124 ex
1123 2077 1209 2124 xxm.
1232 2059 1430 2142 Misenus,
1453 2060 1585 2125 natione
1600 2059 1777 2143 Romanus,
1789 2067 1882 2148 patre

225 2171 318 2252 patre
340 2165 506 2248 Marcello,
529 2165 615 2232 sedit
636 2187 711 2233 ann.
725 2165 804 2232 IIII.
1081 2160 1245 2246 Marcello,
1267 2161 1353 2227 sedit
1374 2183 1448 2228 ann.
1467 2163 1500 2228 V

1080 2302 1182 2349 mons.
1197 2282 1264 2347 VII
1287 2282 1357 2350 dies
1374 2283 1466 2350 XXI.

224 2406 1027 2494 Fuittemporibusblaxenti,aconsulatobiaxen·
1079 2402 1155 2468 Fuit
1166 2404 1364 2490 temporibus
1374 2405 1737 2489 Maxenti‚aconsolatn
1746 2406 1883 2472 Maxen-

225 2513 269 2576 tio
293 2510 362 2576 IIII
385 2519 419 2576 et
440 2512 583 2577 Maximo
605 2533 708 2598 usquc
730 2515 805 2598 post
827 2511 1002 2576 consolatu.
1079 2507 1124 2571 tio
1141 2507 1209 2573 IIII
1232 2515 1266 2574 et
1282 2507 1426 2574 Maximo
1442 2530 1545 2596 usque
1566 2511 1599 2574 iu
1613 2517 1688 2598 post
1703 2513 1880 2576 consolatu.

1081 2628 1142 2692 Hic
1181 2627 1258 2693 lecit
1289 2631 1445 2696 cimiterio
1478 2631 1531 2696 via
1564 2630 1690 2695 Salaria
1722 2637 1757 2696 et
1784 2631 1883 2696 XXV

1079 2731 1189 2797 tibulos
1224 2733 1257 2797 in
1288 2732 1394 2799 Roma
1427 2735 1591 2800 constituit
1624 2736 1716 2822 quasi
1746 2735 1882 2800 diocesis

1077 2841 1212 2921 propter
1241 2835 1437 2923 baptismum
1469 2846 1503 2904 et
1531 2838 1744 2926 penitentiam
1773 2847 1807 2904 et
1828 2859 1881 2904 se-

1078 2941 1224 3025 pulturas
1245 2945 1433 3028 martyrum.

223 3063 287 3129 Hic
309 3063 387 3129 lecit
410 3063 626 3130 ordinationes
1078 3059 1141 3124 Hic
1165 3060 1326 3127 ordinavit

223 3206 283 3271 per
304 3205 405 3253 mens.
428 3185 598 3267 Decemb,
697 3199 698 3202 ’

223 3305 330 3390 presb.
345 3305 453 3388 XXV,
483 3304 564 3372 diae.
582 3306 632 3390 II,
663 3308 833 3394 episcopos
863 3328 923 3394 per
951 3308 1025 3372 loca
1076 3301 1185 3388 presb.
1201 3303 1309 3386 XXV,
1333 3304 1477 3388 diocli,
1501 3306 1672 3392 episcopos
1687 3303 1779 3370 XXI.
1819 3305 1882 3380 Qui

221 3409 316 3475 XXI.
362 3408 515 3496 Sepultus
547 3416 598 3475 est
624 3411 656 3474 in
688 3411 845 3477 cimiterio
868 3411 1024 3493 Priscilla,
1078 3405 1177 3471 ctiam
1207 3407 1352 3510 sepultus
1384 3415 1435 3472 est
1464 3409 1497 3472 in
1526 3411 1683 3475 cimiterio
1714 3408 1881 3474 Priscillae

222 3529 274 3594 sia
298 3528 433 3614 Salaria,

221 3649 322 3715 XVII
344 3651 388 3716 kl.
410 3651 508 3719 Febr.
554 3652 701 3719 CessavIt
724 3655 930 3742 episcopatus
953 3652 1023 3720 dies
1076 3646 1176 3816 {gl
1205 3648 1238 3714 k.
1268 3648 1350 3716 Feb.
1400 3649 1549 3717 (lassavit
1576 3652 1782 3738 episcopatus
1811 3649 1880 3717 dies

221 3753 296 3820 XX.
1163 3799 1171 3815 .

264 3945 361 3991 xxxn.
384 3923 549 4012 Evocatus,
572 3931 703 3996 natione
726 3929 866 4015 Grecos,
890 3951 932 3997 ex
955 3953 1023 3998 me·
1121 3943 1216 3989 111111.
1240 3922 1405 4008 Ε13111111,
1428 3927 1559 3993 1111110111
1583 3927 1722 4010 Grecus,
1747 3949 1789 3992 ex
1811 3948 1880 3992 me·

221 4027 304 4113 dico,
321 4029 405 4095 sedit
427 4052 500 4098 ann.
516 4032 582 4098 VII
605 4034 739 4100 mensl
762 4034 830 4100 dics
849 4033 910 4100 III.
948 4035 1025 4100 Fuit
1077 4023 1160 4108 dico,
1184 4026 1269 4091 Bedil
1291 4049 1343 4094 1111.
1359 4028 1408 4093 VI
1430 4031 1566 4095 11161111
1589 4032 1659 4096 dies
1681 4030 1746 4098 ΠΙ.
1804 4031 1881 4096 Fuit

221 4134 421 4221 temporibus
451 4135 662 4202 Constantini,
724 4138 792 4204 Sub
822 4138 916 4203 huius
939 4146 1022 4205 tem.
1077 4130 1277 4216 temporibus
1301 4131 1513 4198 Constantini.
1557 4133 1653 4229 'Tunc
1676 4133 1807 4199 inventa
1830 4140 1881 4198 est

221 4259 302 4324 pora
322 4239 455 4306 inuenta
478 4247 529 4306 est
550 4249 661 4308 sancta
683 4264 762 4308 crux
785 4242 905 4308 domini
1076 4255 1157 4299 crux
1179 4233 1309 4300 dombli-

221 4376 320 4440 nostri
343 4376 419 4442 Iesu
435 4377 553 4445 Christi
568 4379 599 4445 V
613 4403 688 4450 non.
710 4382 787 4450 Mai.
830 4383 894 4450 Hie
915 4384 1023 4472 bapti-

221 4485 312 4544 zatus
336 4487 386 4546 est
407 4481 506 4548 Iudas
529 4482 707 4557 Quiriacus.

1076 4612 1140 4678 Hic
1162 4614 1324 4679 hereticos
1347 4615 1380 4680 in
1402 4613 1540 4681 Romam
1564 4614 1695 4679 invenit.

220 4719 284 4786 Hic
299 4722 376 4787 lecit
392 4723 609 4790 ordinationes
626 4725 688 4809 III,
704 4728 811 4814 presb.
826 4728 923 4810 XIII,
941 4728 1022 4794 diac.
1075 4732 1139 4799 Hic
1176 4735 1253 4800 fecit
1291 4737 1509 4803 ordinationes
1537 4734 1605 4818 ΙΙΙ,
1644 4733 1751 4821 presb.
1783 4733 1878 4817 XIII,

220 4823 286 4908 III,
320 4828 490 4913 episcopos
523 4849 582 4914 per
608 4831 680 4923 locu
709 4832 823 4899 XIIII.
869 4832 1022 4920 Sepultus
1075 4836 1157 4905 diac.
1170 4837 1231 4922 III,
1256 4843 1425 4929 episcopos
1439 4840 1553 4906 XIIII.
1593 4837 1811 4924 sepultusque
1829 4845 1879 4902 est

221 4935 270 4992 est
292 4929 324 4993 in
347 4932 514 5016 cymiterio
538 4931 670 5017 Oalcsti‚
1072 4941 1106 5004 in
1129 4943 1285 5008 cimiterio
1309 4943 1422 5011 Calisti

219 5049 272 5113 via
293 5048 413 5136 Appia,

218 5168 370 5337 {ilum
401 5171 473 5237 Oct.
536 5173 683 5241 cessavit
715 5178 920 5265 episcopatus
952 5177 1021 5244 dies
1072 5181 1103 5248 V
1133 5204 1207 5251 non.
1240 5183 1354 5250 Octob.
1406 5182 1555 5249 (lassavit
1577 5185 1783 5272 episcopatus
1807 5184 1879 5249 dies

290 5323 298 5338 .
1072 5285 1149 5352 VII.

277 5449 385 5597 supple.
417 5430 601 5517 Mammam,
634 5437 766 5502 natione
800 5437 899 5522 Afer,
937 5437 1021 5504 sedit
1130 5464 1237 5508 xxmn.
1268 5440 1454 5524 Menambis,
1492 5443 1621 5508 natione
1656 5441 1755 5524 Aser,
1794 5443 1879 5509 sedit

219 5551 292 5596 ann.
1074 5567 1125 5614 an.
1141 5545 1214 5612 IIII

219 5673 320 5718 mens.
336 5654 386 5721 VI
409 5655 477 5722 diss
493 5655 586 5741 VIII,
611 5680 654 5724 ex
678 5659 730 5726 dic
753 5683 826 5730 non.
851 5664 910 5730 lul.

1616 5780 1671 5834 31¹*
