4544 6428
936 450 1154 506 mmmm

504 619 729 675 FELIOIANA
1354 623 1586 680 GONONIANA

1067 727 1119 793 Ibi
1141 733 1175 793 et
1197 749 1316 794 nomen
1339 728 1502 796 dedicavit
1523 729 1738 796 Hierusalem.

215 843 342 911 Eodem
383 850 530 932 tempore
569 846 647 911 lecit
680 845 846 912 basilicam
884 854 1015 912 sanctae
1068 849 1319 936 construxitque
1344 855 1377 915 et
1399 851 1479 916 alias
1507 871 1603 937 quam
1631 853 1740 938 plures
1763 854 1867 919 cccle-

214 945 311 1034 Agnc
333 949 483 1035 martyris
1067 954 1130 1017 sias
1153 961 1354 1036 sanctorum,
1376 952 1411 1018 id
1433 960 1520 1019 sunt:
1549 956 1707 1022 ecclesiae
1736 962 1867 1023 sanctae

1067 1057 1171 1144 Agnis
1193 1057 1351 1143 martyris,

216 1194 259 1238 ex
281 1179 397 1259 rogato
414 1172 623 1241 Constantiac
644 1175 729 1240 filiae
752 1197 841 1242 suae.
888 1173 1015 1240 Eodem

216 1281 363 1360 tempore
386 1277 465 1343 lecit

215 1397 349 1462 basilica
371 1399 473 1463 sancti
495 1399 657 1465 Laurenti.
1067 1402 1202 1468 basilica
1224 1407 1336 1467 saneto
1360 1401 1536 1468 Laurentio

1067 1523 1209 1610 martyri,

216 1638 343 1704 Eodem
365 1645 513 1724 tempore
537 1640 615 1705 lecit
628 1638 795 1704 basilicam
811 1637 914 1702 sancti
929 1657 1014 1700 mar·
1066 1643 1200 1709 basilica
1230 1642 1336 1708 beatis
1369 1647 1529 1728 martyres
1555 1642 1743 1710 Marcellino
1777 1667 1868 1732 pres-

216 1750 303 1830 tyres
326 1742 513 1808 Marcellino
537 1742 717 1829 presbitero
741 1746 775 1807 et
794 1739 894 1805 Petro
918 1759 1012 1804 error·
1066 1747 1171 1813 bitem
1195 1752 1229 1813 et
1251 1745 1351 1812 Petro
1374 1746 1534 1812 exorcista

215 1846 304 1912 cista.

1065 1974 1151 2038 inter
1163 1971 1243 2036 duos
1256 1972 1375 2055 lauros,
1388 1972 1444 2037 ubi
1460 1978 1495 2037 ct
1508 1977 1615 2038 mater
1630 1973 1729 2059 ipsius
1740 1972 1871 2039 Helena

1066 2076 1216 2161 Augusta
1247 2083 1298 2140 est
1328 2078 1476 2163 sepulta;
1513 2077 1547 2141 in
1582 2076 1713 2142 civitate
1753 2077 1872 2142 Hostia

1065 2177 1199 2243 basilica
1218 2179 1317 2244 beato
1334 2179 1471 2245 Iohanni
1486 2179 1665 2267 Baptistae.
1710 2180 1867 2268 Fecitque

1067 2289 1100 2348 et
1114 2282 1249 2348 basilica
1267 2284 1300 2348 in
1316 2283 1446 2348 civitate
1461 2282 1668 2360 Albanense;
1691 2286 1775 2350 intra
1789 2287 1869 2351 urbe

1067 2385 1181 2473 Capua
1201 2385 1346 2470 basilica,
1364 2409 1461 2474 quam
1480 2393 1514 2452 et
1529 2389 1769 2474 cognominavit
1784 2389 1869 2454 Gon-

1062 2490 1270 2558 ‘stantiuiana
1330 2491 1486 2578 Fecitque
1518 2499 1553 2557 et
1581 2493 1614 2557 in
1641 2492 1722 2558 urbe
1751 2491 1871 2579 Napoli

1065 2593 1208 2659 basilica.
1264 2593 1386 2660 Omnes
1413 2595 1472 2660 has
1495 2595 1661 2678 basilicas,
1685 2617 1764 2682 quas
1795 2617 1870 2661 con-

1065 2698 1183 2762 struxit
1198 2697 1426 2763 Constantinus
1441 2697 1618 2785 Augustus,
1643 2699 1770 2764 ornavit
1791 2721 1870 2765 auro

1065 2807 1266 2888 argentoque
1294 2802 1467 2888 plurimum
1501 2801 1679 2889 ditavitque
1708 2824 1764 2868 eas
1795 2824 1871 2890 pos-

1065 2906 1226 2971 sessiones
1247 2906 1280 2971 in
1304 2905 1446 2972 dirersis
1467 2907 1640 2994 provinciis
1666 2929 1731 2972 non
1753 2908 1870 2993 parvis.

1068 3008 1308 3096 Ordinavitque
1324 3010 1441 3077 beatus
1457 3012 1613 3077 Silvester
1628 3012 1798 3098 episcopus
1813 3032 1873 3097 per

1067 3135 1168 3178 mens.
1199 3113 1358 3180 Decemb.
1394 3114 1592 3203 presbiteros
1618 3114 1767 3195 XLIIII,
1801 3113 1869 3178 dia-

1068 3239 1167 3283 conos
1189 3217 1321 3300 XXVI,
1346 3219 1516 3305 episcopos
1547 3239 1607 3305 per
1629 3217 1765 3283 diversis
1787 3223 1870 3282 tem-

1067 3321 1198 3406 poribus
1221 3326 1256 3386 et
1277 3321 1351 3386 loca
1374 3321 1475 3388 LXV.

217 3439 371 3527 Sepultus
402 3447 452 3504 est
479 3439 595 3505 beatus
625 3440 781 3506 Silvester
804 3441 856 3504 via
878 3439 1013 3520 Salaria,
1068 3439 1284 3527 sepultusque
1323 3449 1373 3506 est
1406 3442 1459 3507 ria
1498 3443 1641 3527 Salaria,
1676 3444 1709 3508 in
1744 3442 1868 3508 cimita-

215 3545 248 3608 in
270 3544 426 3630 cimityrio
449 3543 610 3627 Priscilla,
634 3545 770 3609 miliario
794 3543 845 3608 IIl
868 3544 909 3609 ab
933 3543 1013 3609 urbe
1066 3545 1113 3610 rio
1136 3544 1319 3630 Priscillae,
1343 3546 1479 3612 miliario
1507 3547 1549 3610 ab
1572 3548 1651 3612 urbe
1674 3549 1780 3613 Roma
1802 3545 1866 3626 III,

178 3641 183 3648 ’
215 3649 331 3730 Roma,
355 3647 435 3735 prid.
459 3649 503 3714 kl.
524 3649 592 3714 Ian.
638 3647 787 3714 (lassavit
809 3648 1014 3734 episcopatus
1067 3647 1147 3735 prid.
1186 3649 1218 3712 k.
1258 3650 1326 3716 Ian.
1394 3650 1437 3715 Flt
1474 3649 1613 3715 cessavit
1651 3651 1855 3736 episcopatus

215 3753 286 3819 dies
300 3752 414 3818 VIIII.
1068 3751 1137 3818 dies
1154 3753 1246 3818 VIII.

273 3947 369 3992 xxxv.
400 3925 546 4008 Mancvs,
584 3925 713 3990 natione
751 3924 934 4006 Romanus,
972 3945 1015 3989 ex
1125 3945 1221 3990 xxxa.
1250 3925 1402 4008 Mancvs,
1440 3927 1572 3991 natione
1607 3925 1788 4005 Romanus,
1827 3944 1870 3988 ex

215 4037 308 4118 patre
330 4030 452 4110 Prisco,
475 4029 559 4095 sedit
581 4051 653 4094 ann.
670 4029 715 4094 II.
1067 4033 1160 4115 patre
1183 4027 1304 4106 Prisco,
1328 4027 1413 4094 sedit
1436 4029 1561 4094 anull

1068 4170 1168 4214 mens.
1184 4148 1267 4214 VIII
1291 4148 1360 4214 dies
1382 4149 1457 4213 XX.

215 4269 291 4335 Fuit
322 4270 522 4356 temporibus
552 4268 752 4334 Constantini
782 4272 816 4332 et
841 4266 1016 4353 Nepotiani
1067 4270 1144 4336 Fuit
1166 4276 1275 4335 autem
1298 4271 1498 4357 temporibus
1521 4269 1723 4335 Constantini
1746 4277 1779 4334 et
1802 4270 1868 4336 Nc-

216 4380 250 4439 at
276 4371 430 4438 Fecundo
462 4373 658 4454 consolibus‚
688 4394 730 4438 ex
761 4371 813 4437 die
846 4371 889 4436 kl.
917 4369 1014 4435 Febr.
1068 4373 1191 4459 paboni
1233 4379 1267 4438 et
1308 4373 1463 4439 Facundo
1501 4373 1699 4454 consolibus‚
1738 4394 1780 4438 ex
1817 4373 1871 4438 die

214 4499 316 4564 usque
339 4479 371 4544 in
394 4479 446 4544 die
469 4479 513 4542 kl.
537 4477 653 4543 Octob.
697 4475 761 4541 Hic
784 4475 958 4555 constituit,
980 4478 1016 4537 ut
1068 4478 1101 4542 k.
1123 4476 1220 4542 Febr.
1242 4498 1344 4562 usque
1366 4476 1418 4542 III
1441 4479 1472 4544 k.
1496 4476 1612 4543 Octub.
1664 4477 1728 4543 Hic
1751 4478 1869 4542 consti-

216 4583 387 4670 cpisoopus
399 4582 554 4665 Ostensis,
568 4582 622 4668 qui
638 4578 1015 4665 consacratepiscopum‚
1069 4581 1144 4663 tuit,
1167 4586 1204 4645 ut
1235 4581 1406 4667 episcopus
1430 4581 1594 4663 Ostensis,
1618 4582 1671 4667 qui
1704 4586 1873 4646 consacrat

216 4686 349 4772 pallium
383 4692 528 4753 uteretur
556 4686 608 4752 vel
643 4686 684 4750 ab
717 4683 834 4749 eodem
862 4682 1016 4768 episcopo
1070 4685 1275 4772 episcopum,
1299 4684 1432 4770 pallium
1455 4691 1601 4750 uteretur
1624 4691 1658 4750 at
1684 4685 1725 4750 ab
1754 4682 1871 4748 eodem

215 4790 304 4855 urbis
319 4790 444 4856 Romae
462 4795 713 4856 consecraretur.
757 4787 822 4852 Hic
837 4786 914 4851 lecit
930 4783 1015 4850 ordi·
1070 4789 1222 4875 episcopo
1245 4787 1334 4852 urbis
1356 4787 1481 4854 Romae
1511 4795 1763 4856 consecraretur.
1808 4786 1872 4852 Hic

216 4895 363 4960 nationes
385 4895 421 4958 II
1070 4890 1149 4956 fecit
1171 4890 1391 4956 ordinationes
1412 4890 1458 4976 II,

215 5038 276 5106 per
298 5037 398 5081 mens.
422 5015 592 5096 Decemb,

216 5138 324 5225 presb.
339 5137 447 5219 XXV,
476 5134 557 5200 diac.
574 5135 636 5216 VI,
665 5133 835 5220 episcopos
862 5151 922 5216 per
944 5130 1017 5194 loca
1070 5132 1178 5220 presb.
1202 5133 1333 5216 XXVI,
1367 5133 1450 5199 diac.
1473 5133 1535 5214 VI,
1570 5133 1739 5219 episcopos
1761 5131 1871 5198 XVII.

220 5241 331 5306 XVII.
376 5239 530 5328 Sepultus
560 5245 610 5304 est
637 5239 669 5302 in
697 5235 853 5302 cimiterio
876 5232 1015 5316 Balbini,
1070 5236 1290 5324 sepultusque
1313 5244 1364 5303 cst
1385 5239 1418 5303 in
1441 5235 1597 5302 cimiterio
1620 5234 1757 5301 Balbine

216 5362 269 5428 sia
290 5361 471 5444 Ardiatina,

216 5481 298 5569 prid.
321 5503 396 5548 non.
420 5480 536 5548 Octob.
587 5479 630 5544 Et
652 5477 790 5544 cessavit
812 5477 1017 5564 episcopatus
1070 5477 1152 5565 prid.
1187 5498 1261 5544 non.
1298 5476 1416 5544 Octub.
1482 5476 1630 5543 (lassavit
1667 5477 1872 5565 episcopatus

217 5585 286 5651 dies
308 5585 384 5650 XX.
1070 5581 1139 5647 dies
1162 5579 1237 5646 XX.

260 5743 366 5794 xxxvi.
388 5723 505 5810 Ivurvs,
520 5722 658 5792 natione
674 5719 851 5803 Romanus,
868 5741 910 5786 ex
925 5727 1018 5810 patre
1117 5739 1223 5787 xxxvi.
1246 5719 1362 5802 Ivurvs,
1385 5719 1515 5785 natione
1529 5717 1706 5802 Romanus,
1722 5740 1765 5785 ex
1780 5725 1872 5807 patra
