4544 6428
1149 421 1364 478 ΕΡΙΤΟΜΑΕ

717 595 946 652 FELIGIANA

427 1135 491 1200 Hic
514 1135 696 1216 constituit,
725 1139 760 1197 ut
787 1133 946 1198 monacha
974 1154 1038 1198 non
1066 1132 1227 1216 acceperit

428 1239 596 1304 velaminis
618 1238 731 1324 capitis
748 1235 986 1316 benedictione,
1009 1236 1068 1300 nisi
1091 1235 1227 1322 probata

429 1343 581 1408 fueritin
604 1341 787 1428 virginitate
810 1340 872 1405 LX
895 1360 1060 1405 annorum.

428 1687 581 1774 Sepultus
604 1691 654 1750 est
676 1687 707 1750 in
732 1686 865 1751 basilica
889 1684 978 1748 beati
1000 1683 1090 1748 Petri
1111 1681 1163 1747 ΙΙΙ
1186 1681 1228 1746 id.

429 1790 535 1877 April.
581 1789 730 1855 (lassavit
753 1790 959 1875 episcopatus
983 1786 1052 1852 dics
1067 1787 1142 1852 VII.

474 1982 579 2028 xurru.
602 1959 755 2041 Husnvs,
779 1961 910 2025 natione
929 1958 1060 2040 Sardus,
1077 1980 1120 2024 ex
1137 1965 1228 2045 patre

430 2065 642 2152 crispiniano,
659 2063 745 2130 sedit
759 2084 831 2129 anu.
845 2063 893 2129 VI
909 2083 1013 2129 mens.
1028 2063 1081 2127 Ill
1104 2061 1174 2127 dies
1186 2059 1227 2126 X.

1569 591 1799 649 GONONIANA

1281 699 1366 763 liam.
1401 697 1465 764 Hic
1477 700 1640 764 constituit
1654 699 1886 764 monasterium
1903 695 2004 784 apud
2022 696 2110 762 bea-

1282 811 1348 867 tum
1373 803 1503 868 Petrum
1527 804 1719 889 apostolum.
1763 801 1827 868 Hic
1850 803 2047 880 constituit,
2076 806 2114 866 ut

1280 907 1362 972 intra
1378 908 1543 972 accionem
1555 907 1717 972 diceretur
1732 912 1879 971 sanctum
1896 905 2111 970 sacrificium

1281 1017 1314 1074 et
1338 1018 1455 1076 cetera.

1281 1133 1343 1198 Hic
1367 1134 1540 1212 constituit,
1563 1131 1719 1196 rrronacba
1735 1152 1798 1195 non
1820 1131 1988 1216 acciperit
2007 1133 2109 1195 vela-

1281 1238 1373 1302 minis
1407 1237 1521 1325 capitis
1555 1235 1830 1316 benedictionem,
1854 1235 1917 1300 nisi
1949 1235 2110 1320 probata

1282 1342 1378 1405 fuerit
1401 1342 1433 1405 in
1456 1340 1640 1426 virginitate
1664 1339 1725 1403 XL
1751 1359 1860 1403 annos.

1282 1461 1344 1526 Hic
1368 1463 1547 1544 constituit,
1577 1482 1674 1546 super
1700 1460 1883 1545 sepulcrum
1920 1459 2108 1541 custodes,

1283 1566 1336 1651 qui
1360 1565 1508 1630 dicuntur
1531 1563 1726 1630 cubicularii.

1283 1685 1345 1760 Qui
1359 1688 1456 1751 etiam
1470 1687 1614 1772 sepultus
1628 1692 1678 1750 est
1693 1685 1724 1748 in
1741 1683 1873 1748 basilica
1890 1683 1989 1747 beati
2008 1683 2109 1747 Petri

1281 1789 1332 1855 111
1345 1790 1386 1854 id.
1399 1791 1501 1876 April.
1541 1789 1688 1856 cessavit
1704 1788 1910 1873 episcopatus
1928 1787 2008 1852 dies
2019 1787 2105 1852 VII.

1326 1982 1429 2028 xuvru.
1453 1961 1605 2044 illusura,
1621 1962 1751 2026 natione
1768 1959 1899 2040 Sardus,
1926 1981 1972 2024 ex
1997 1967 2105 2045 patre

1282 2065 1428 2148 Piniano,
1452 2064 1537 2131 sedit
1559 2087 1610 2130 an.
1626 2064 1673 2128 Vl
1696 2085 1797 2130 maus.
1814 2063 1864 2128 Ill
1889 2063 1962 2127 dies
1991 2063 2038 2127 X.

427 2185 492 2252 Hic
526 2186 603 2251 fecit
639 2185 836 2250 decretalem
878 2191 911 2250 et
950 2206 1009 2272 per
1047 2183 1227 2248 universam
1323 2225 1324 2228 =

431 2290 599 2356 Orientem
615 2289 744 2370 direxit,
760 2296 793 2354 et
808 2289 962 2375 epistolas
979 2287 1020 2352 de
1036 2287 1099 2353 fide
1116 2287 1226 2352 catho-

428 2395 500 2460 lica.

427 2930 491 2995 Hic
513 2930 591 2996 facit
615 2928 815 2994 ordinatione
838 2927 855 2992 1

427 3073 487 3138 per
509 3071 610 3115 mens.
633 3049 803 3131 Decemb,

427 3171 535 3261 presb.
545 3171 619 3253 XV,
631 3169 773 3252 dicavl,
786 3171 956 3257 episcopos
966 3189 1026 3254 por
1037 3171 1109 3233 loca
1118 3167 1227 3233 XXll.

430 3276 584 3364 Sepultus
607 3281 656 3340 ast
679 3274 722 3339 ad
745 3280 890 3340 sanctum
914 3271 1137 3355 Laurentium,

425 3503 459 3566 in
482 3501 594 3587 cripta,
628 3481 632 3492 ¹

428 3625 520 3688 iuxta
554 3641 669 3707 corpus
698 3619 788 3684 beati
821 3618 926 3704 Xysti.
987 3617 1135 3684 (lassavit
1158 3619 1228 3703 epi·

428 3732 580 3813 scopatus
604 3723 673 3789 dies
695 3722 737 3787 X.

470 3918 586 3964 xuvrru.
610 3897 794 3978 erroneus,
813 3895 942 3959 natione
959 3893 1167 3980 Tyburtinus,
1186 3916 1226 3959 ex

427 4008 520 4086 patre
545 3997 687 4082 Oastino,
711 3997 796 4063 sedit
818 4019 890 4063 ann.
907 3997 971 4062 XV
994 4019 1096 4063 mens.
1118 3997 1135 4061 Ι
1159 3996 1228 4062 dies

429 4104 505 4169 VH.
562 4102 627 4168 Hic
661 4103 824 4167 constituit
855 4100 897 4166 ad
926 4108 1072 4166 sanctum
1096 4101 1228 4166 Petrum

431 4214 464 4273 ot
486 4207 528 4272 ad
543 4211 687 4272 sanctum
704 4206 843 4270 Paulum
867 4212 900 4270 et
921 4205 963 4270 ad
979 4211 1123 4270 sanctum
1139 4205 1226 4269 Lau-

428 4311 566 4375 rentium
583 4308 793 4393 ebdomadas‚
816 4317 852 4374 ut
872 4311 1043 4397 presbiteri
1059 4315 1229 4374 manerent

430 4419 564 4500 propter
587 4413 784 4500 baptismum
809 4421 841 4478 ct
857 4415 1070 4500 penitentiam
1086 4413 1227 4500 petenti-

429 4517 502 4582 bus:
534 4517 575 4581 da
605 4519 739 4602 regione
768 4519 873 4604 prima
901 4516 943 4582 ad
973 4523 1119 4582 sanctum
1142 4517 1227 4581 Pau-

428 4622 509 4703 lum,
539 4620 579 4686 de
609 4622 744 4706 regione
768 4620 821 4686 Ill
843 4621 886 4685 ad
913 4627 1058 4685 sanctum
1081 4621 1227 4685 Lauren-

429 4727 519 4804 tium,
543 4724 585 4789 de
608 4726 741 4810 regione
761 4725 827 4789 VH
850 4723 892 4788 ad
915 4732 1060 4790 sanctum
1083 4724 1227 4791 Petrum.

430 4863 537 4928 Huius
560 4863 784 4950 episcopatum
807 4864 897 4928 venit
918 4865 1032 4930 relatio
1056 4864 1098 4930 de
1114 4865 1228 4930 Gratia

428 4968 470 5031 ab
493 4967 621 5050 Acatio,
645 4967 699 5053 qui
722 4966 782 5031 fuit
805 4969 975 5055 episcopus
1000 4968 1227 5033 Constantino-

429 5071 602 5157 politanus,
627 5077 660 5135 et
683 5071 876 5136 adfirmabat
891 5071 989 5136 Petro
1005 5071 1227 5138 Alexandrino

428 5173 620 5239 Euthiciano
636 5173 793 5249 heretioo;
810 5175 898 5239 facta
913 5177 1069 5261 petitione
1087 5178 1128 5242 ab
1141 5178 1227 5242 Aca-

429 5279 473 5343 tio
505 5279 604 5343 veuit.
659 5277 749 5343 Tunc
784 5279 845 5343 luit
880 5280 1019 5345 ccclesia
1051 5302 1228 5367 exequens.

428 5382 520 5446 Tunc
555 5380 749 5468 Symplicius
782 5384 892 5467 presul
930 5383 1095 5450 damnavit
1127 5386 1227 5452 Petro

428 5483 661 5568 Alexandrino,
685 5484 726 5549 dc
750 5507 812 5572 quo
828 5487 963 5551 Acutius
983 5489 1228 5556 innumerabilia

429 5589 562 5654 crimina
584 5589 784 5655 adfirmabat.
839 5590 967 5656 Eodem
1002 5597 1149 5679 temporo
1176 5616 1228 5660 re-

429 5694 555 5779 scripsit
570 5693 759 5760 Timotheus
775 5696 952 5761 catholicus
976 5702 1009 5760 et
1024 5695 1159 5763 Aeetius
1180 5698 1228 5762 di-

1280 2495 1343 2561 Hic
1365 2495 1442 2561 fecit
1465 2496 1566 2560 multa
1588 2516 1666 2560 rasa
1689 2503 1723 2561 et
1746 2495 1874 2561 diversa
1890 2501 2104 2560 ornamenta

1280 2601 1500 2686 apostolorum
1524 2599 1613 2664 Petri
1637 2605 1670 2664 et
1692 2598 1787 2664 Pauli
1810 2604 1843 2663 et
1865 2599 1897 2662 in
1923 2597 2102 2663 Constan-

1281 2705 1402 2769 tiniana
1425 2711 1459 2769 et
1480 2710 1591 2768 sancto
1615 2704 1770 2769 Laurenti
1794 2709 1828 2768 et
1850 2709 1964 2766 saneta
1982 2701 2102 2768 Maria

1281 2809 1416 2874 ornavit.

1280 2929 1344 2996 Hic
1367 2929 1444 2994 lecit
1467 2927 1704 2996 ordinationem
1728 2928 1755 3009 I,

1281 3172 1388 3259 presb.
1414 3171 1523 3252 XXV,
1562 3171 1645 3238 diac.
1671 3172 1734 3252 VI,
1774 3170 1945 3256 episcopos
1974 3167 2098 3233 XXII.

1282 3277 1344 3351 Qui
1375 3278 1473 3340 etiam
1503 3276 1648 3363 sepultus
1679 3281 1729 3340 cat
1757 3273 1798 3338 ad
1827 3276 1972 3337 sunctum
1999 3271 2098 3336 Lau-

1281 3380 1430 3462 rentium,

1282 3624 1373 3686 iuxta
1395 3641 1511 3708 corpus
1532 3623 1633 3686 sancti
1649 3620 1754 3706 Xysti.
1799 3617 1842 3681 Et
1857 3616 1999 3681 cessavit
2016 3617 2094 3702 epi-

1280 3732 1431 3814 scopatus
1454 3724 1524 3790 dies
1548 3725 1589 3790 X.

1345 3920 1460 3965 xuvuu.
1485 3899 1674 3978 Srurmcrvs,
1707 3896 1838 3959 natione
1872 3891 2090 3978 TyburtinuS,

1281 4023 1323 4067 ex
1357 4009 1449 4088 patre
1484 4001 1633 4083 Oaslino,
1666 4000 1750 4064 sedit
1780 4019 1831 4063 an.
1848 3996 1911 4062 XV
1939 4017 2045 4061 mens.
2072 3999 2091 4061 I

1281 4104 1349 4170 dies
1365 4105 1439 4170 VII.
1484 4105 1546 4170 Hic
1559 4105 1723 4169 constituit
1735 4103 1776 4167 ad
1789 4108 1933 4166 sanctum
1948 4101 2088 4166 Petrum

1282 4216 1315 4274 et
1337 4209 1379 4274 ad
1396 4217 1542 4274 sanctum
1559 4209 1696 4273 Paulum
1720 4213 1753 4271 et
1776 4205 1817 4270 ad
1832 4211 1979 4269 sanctum
1995 4205 2090 4270 Lau-

1280 4315 1418 4378 rentium
1436 4311 1644 4392 ebdomadas,
1667 4317 1703 4374 ut
1719 4310 1892 4396 presbiteri
1912 4319 2092 4376 manarent

1281 4424 1415 4504 propter
1441 4416 1636 4501 baptismum
1667 4421 1701 4478 et
1730 4414 1908 4500 penitentia
1939 4416 2087 4499 petenti-

1281 4521 1355 4586 bus:
1390 4520 1430 4584 de
1459 4521 1593 4606 regione
1625 4519 1721 4582 tertia
1752 4516 1794 4581 ad
1823 4524 1968 4582 sanctum
1992 4518 2088 4583 Lau-

1280 4625 1430 4706 rentium,
1447 4624 1486 4688 de
1503 4623 1636 4708 regione
1653 4623 1756 4708 prima
1776 4619 1817 4684 ad
1834 4627 1978 4686 sanctum
1993 4622 2086 4688 Pau-

1280 4730 1364 4812 lum,
1394 4727 1434 4793 de
1457 4728 1591 4816 regione
1606 4724 1673 4791 Vll
1700 4725 1742 4790 ad
1765 4731 1911 4790 sanctum
1935 4725 2087 4794 Petrum.
