4544 6428
414 421 477 484 262
1132 416 1349 472 EPITOMAE

700 587 926 644 FELIOIANA
1554 589 1786 648 OOIVONIANA

413 693 569 758 abscondi
592 694 770 780 praecepit.
1265 695 1424 762 abscondi
1446 697 1623 782 praecepit.

412 814 590 878 Venientes
606 835 683 879 vero
706 815 751 879 hii
773 835 870 900 supra
886 813 962 878 dicti
977 814 1036 878 riri
1057 815 1208 882 inlustres
1266 836 1409 901 venien„
1436 855 1512 900 vero
1542 834 1703 900 Iohannes
1733 856 1819 922 papa
1847 857 1921 900 oum
1957 855 2066 922 snpra

412 939 484 982 oum
507 917 652 982 Iohanne
677 919 841 1004 θΡῑθθῡΡθι
1267 940 1360 1004 dietis
1381 940 1457 1004 viris
1479 939 1631 1020 inlustris,

411 1039 519 1102 omnia
541 1059 601 1124 par
623 1038 768 1104 ordinem
792 1046 880 1118 acta,
903 1037 1046 1124 Agapito
1076 1039 1211 1126 patricio

359 1185 361 1190 .
412 1140 564 1206 defuncto
588 1143 620 1206 in
644 1142 789 1224 (trecies,

411 1263 555 1348 suscepti
577 1269 650 1326 sunt
673 1284 693 1326 a
715 1283 794 1348 rege
812 1260 1015 1326 Theoderico
1039 1281 1111 1325 oum
1136 1260 1211 1325 dolo
1265 1267 1405 1352 suscepti
1428 1273 1501 1331 sunt
1524 1289 1543 1332 a
1566 1265 1768 1331 Theoderico
1793 1266 1825 1329 in
1848 1264 1941 1329 dolo:

335 1371 343 1386 ⁸
412 1389 446 1448 et
467 1383 591 1468 grande
624 1383 697 1448 odio
726 1383 889 1448 Iohannes
920 1383 1091 1470 episcopus
1114 1382 1211 1446 etiam

413 1494 447 1552 et
470 1495 636 1553 senatores
659 1489 744 1552 viros
770 1488 920 1552 inlustres
950 1487 1119 1570 religiosus
1143 1507 1210 1550 sns-

414 1592 510 1677 cepit.
551 1591 639 1666 Quos
655 1593 766 1678 itaque
789 1612 860 1655 oum
877 1597 968 1655 tanta
990 1589 1210 1674 indignatione

410 1696 598 1781 suscipiens,

411 1803 519 1900 gladio
543 1835 599 1878 eos
622 1815 724 1880 voluit
746 1816 870 1902 punire,
894 1814 953 1879 sed
975 1820 1124 1879 metuens
1263 1817 1366 1882 voluit
1391 1838 1447 1882 eos
1471 1817 1580 1904 gladic
1603 1817 1726 1905 ponite,
1749 1817 1809 1884 sed
1831 1821 1985 1880 metuens

409 1934 630 2020 indignatione
1473 1984 1478 1991 ·

409 2057 523 2122 Iustini
546 2057 632 2142 Aug.
1264 2059 1377 2126 Iustini
1398 2059 1484 2146 Aug.

410 2178 594 2258 orthodoxi,
618 2199 681 2242 non
704 2177 794 2242 fecit:

409 2305 519 2364 tamen
549 2300 582 2364 in
605 2297 749 2364 custodia
777 2317 890 2362 omnes
912 2299 1084 2380 cremarit,
1107 2298 1152 2362 ita
1174 2304 1210 2361 ut
1264 2308 1374 2366 tamen
1395 2301 1428 2366 in
1455 2299 1599 2365 custodia
1623 2319 1736 2364 omnes
1764 2301 1933 2381 cremarit,
1959 2301 2008 2364 ita
2032 2305 2075 2364 ut

408 2402 524 2468 beatus
547 2403 709 2468 Iohannes
1263 2403 1378 2469 beatus
1400 2404 1563 2469 Iohannes

408 2545 496 2612 papa

407 2645 440 2709 in
463 2621 616 2710 custodie¹
1263 2645 1295 2710 in
1319 2642 1466 2710 custodia

408 2765 591 2832 adflictione

407 2893 589 2952 maceratus
1263 2891 1446 2952 maceratus

407 3008 560 3075 deficiens

406 3135 597 3195 moreretur.
1263 3136 1443 3195 moreretur

409 3251 471 3326 Qui
492 3272 571 3317 vero
595 3249 765 3316 dehunctus
788 3253 838 3312 est

408 3373 567 3439 Ravenna
1261 3371 1295 3436 in
1317 3370 1475 3436 Ravenna

408 3515 480 3560 cum
504 3493 608 3580 gloria
1096 3537 1098 3542 .

407 3613 472 3679 XV
494 3615 539 3678 kl.
562 3613 644 3696 Iun,
1261 3611 1326 3677 XV
1348 3613 1380 3678 k.
1403 3612 1473 3676 Iun.

408 3734 441 3798 in
465 3733 611 3800 custodia
633 3733 720 3818 regis
743 3730 946 3796 Theoderici.

407 3855 487 3919 Post
516 3855 579 3920 hoc
606 3861 684 3918 nutu
715 3852 769 3918 dei
802 3852 1033 3938 omnipotentis
1063 3850 1209 3916 XLVIII
1261 3853 1351 3918 Tunc
1374 3861 1448 3940 post
1470 3851 1616 3918 XCVIII
1641 3851 1710 3916 dios

408 3957 461 4023 die

408 4076 580 4157 postquam
596 4069 767 4135 defunctus
791 4075 842 4133 est
856 4068 1018 4133 Iohannes
1039 4067 1209 4153 episcopus

407 4174 441 4239 in
464 4173 618 4257 custodia,

407 4285 514 4349 subito
544 4284 764 4350 Theodericus
794 4305 854 4348 rex
884 4282 1005 4349 interiit
1041 4280 1208 4346 divinitate
1261 4283 1480 4349 Theodericus
1503 4304 1562 4348 rex
1585 4283 1718 4348 fulmine
1735 4303 1905 4368 percussus
1929 4283 2067 4349 interiit.

406 4409 588 4475 percussus.

1260 4472 1400 4537 Adtullit
1421 4477 1532 4537 autom
1554 4470 1670 4535 beatus
1693 4469 1856 4536 Iohannes
1881 4468 1922 4534 de
1940 4469 2067 4536 Grecis

1260 4597 1339 4640 auro
1363 4577 1500 4662 gemmis
1523 4583 1723 4662 argentoque
1754 4574 1926 4640 exornavit
1948 4574 2066 4639 basili-

1261 4701 1316 4745 oes
1338 4681 1466 4745 multas.

405 4799 469 4864 Hic
492 4798 711 4864 ordinationes
734 4800 812 4864 fecit
1259 4799 1354 4865 Fecit
1377 4799 1595 4864 ordinationes

1261 4923 1487 5008 episcoporum

405 5059 465 5124 per
489 5039 571 5102 loca.
618 5037 766 5103 cessarit
788 5039 993 5126 episcopatus
1017 5039 1085 5105 dias
1109 5041 1149 5105 X.
1261 5063 1319 5128 per
1342 5041 1469 5107 diuersa
1490 5042 1572 5106 loca.
1626 5039 1670 5104 Et
1692 5039 1830 5104 cessarit
1853 5039 2062 5124 episcopatus

1260 5145 1329 5210 dies
1352 5144 1476 5210 LVIII.

448 5283 506 5326 ivr.
529 5261 644 5345 Trux,
676 5265 806 5330 natione
840 5264 1004 5348 Samnite,
1035 5285 1077 5329 ex
1110 5270 1203 5351 patre
1302 5287 1362 5331 avr.
1385 5263 1503 5346 Trux,
1535 5265 1667 5329 natione
1696 5261 1860 5344 Samnius,
1895 5284 1938 5327 ex
1966 5268 2064 5348 patre

404 5363 562 5445 Uestorio,
586 5366 671 5431 sedit
692 5388 765 5433 ann.
790 5368 824 5433 II
848 5368 918 5434 dies
941 5368 1059 5450 XIIII,
1082 5390 1103 5432 a
1125 5390 1202 5434 oon·
1258 5369 1416 5449 (lectorio,
1439 5367 1523 5432 sedit
1545 5389 1595 5432 an.
1611 5367 1679 5432 ΙΠΙ
1702 5387 1802 5432 mens.
1821 5367 1854 5430 II
1878 5366 1947 5431 dies
1966 5366 2064 5451 XIII,

404 5469 508 5533 sulato
532 5467 649 5534 Aburti
672 5473 830 5558 usquein
853 5473 1020 5536 consulate
1043 5473 1203 5560 Lampadi
1257 5495 1277 5537 a
1304 5472 1472 5536 consulatu
1499 5471 1641 5537 Maburti
1670 5491 1773 5557 usque
1801 5471 1834 5535 in
1858 5470 2063 5536 consulatum

404 5579 438 5636 et
461 5571 587 5654 Oristis,
610 5595 630 5637 a
653 5573 705 5638 die
727 5575 796 5639 1111
817 5574 860 5639 id.
884 5577 944 5641 Iul.
967 5597 1070 5664 usque
1092 5577 1203 5643 indie
1256 5574 1418 5662 Lampadi
1454 5583 1488 5640 et
1524 5575 1663 5654 Orestis,
1701 5597 1721 5638 a
1755 5573 1807 5638 die
1837 5574 1907 5639 IIII
1931 5575 1977 5641 id.
2002 5576 2063 5640 Iul.

402 5676 471 5739 IIII
493 5676 536 5741 id.
560 5676 676 5743 Octob.
1255 5702 1358 5767 usque
1381 5681 1414 5744 in
1436 5679 1522 5746 diem
1545 5679 1613 5744 IIII
1636 5679 1678 5744 id.
1704 5679 1775 5744 Oot.
